@inproceedings{abadi2016tensorflow,
	title        = {TensorFlow: A System for Large-Scale Machine Learning},
	author       = {Abadi, Mart{\'\i}n and  Barham, Paul and Chen, Jianmin and Chen, Zhifeng and Davis, Andy and Dean, Jeffrey and Devin, Matthieu and Ghemawat, Sanjay and Irving, Geoffrey and Isard, Michael and Kudlur, Manjunath and Levenberg, Josh and Monga, Rajat and Moore, Sherry and Murray, Derek G and Steiner, Benoit and Tucker, Paul and Vasudevan, Vijay and Warden, Pete and Wicke, Martin and Yu, Yuan and Zheng, Xiaoqiang},
	year         = 2016,
	month        = nov,
	booktitle    = {12th {USENIX} Symposium on Operating Systems Design and Implementation ({OSDI} 16)},
	publisher    = {{USENIX} Association},
	pages        = {265--283},
	isbn         = {978-1-931971-33-1},
	url          = {https://www.usenix.org/conference/osdi16/technical-sessions/presentation/abadi}
}
@article{achterberg2016fastr,
	title        = {Fastr: A Workflow Engine for Advanced Data Flows in Medical Image Analysis},
	author       = {Achterberg, Hakim C and Koek, Marcel and Niessen, Wiro J},
	year         = 2016,
	journal      = {Frontiers in {ICT}},
	volume       = 3,
	pages        = 15,
	doi          = {10.3389/fict.2016.00015},
	issn         = {2297-198X},
	url          = {https://www.frontiersin.org/article/10.3389/fict.2016.00015}
}
@article{aerts2014decoding,
	title        = {Decoding tumour phenotype by noninvasive imaging using a quantitative radiomics approach},
	author       = {Aerts, Hugo JWL and Velazquez, Emmanuel Rios and Leijenaar, Ralph TH and Parmar, Chintan and Grossmann, Patrick and Carvalho, Sara and Bussink, Johan and Monshouwer, Ren{\'e} and Haibe-Kains, Benjamin and Rietveld, Derek and Hoebers, Frank and Rietbergen, Michelle M and Leemans, C Ren{\'e} and Dekker, Andre and Quackenbush, John and Gillies, Robert J and Lambin, Philippe},
	year         = 2014,
	month        = jun,
	journal      = {Nature Communications},
	volume       = 5,
	number       = 1,
	pages        = 4006,
	doi          = {10.1038/ncomms5006},
	issn         = {2041-1723},
	url          = {https://doi.org/10.1038/ncomms5006}
}
@inproceedings{antunes2017radiomic,
	title        = {{RADIomic} {Spatial} {TexturAl} {descripTor} ({RADISTAT}): Characterizing Intra-tumoral Heterogeneity for Response and Outcome Prediction},
	author       = {Antunes, Jacob and Prasanna, Prateek and Madabhushi, Anant and Tiwari, Pallavi and Viswanath, Satish},
	year         = 2017,
	month        = sep,
	booktitle    = {Medical Image Computing and Computer-Assisted Intervention -- {MICCAI} 2017},
	publisher    = {Springer International Publishing},
	pages        = {468--476},
	isbn         = {978-3-319-66185-8},
	editor       = {Descoteaux, Maxime and Maier-Hein, Lena and Franz, Alfred and Jannin, Pierre and Collins, D. Louis and Duchesne, Simon}
}
@inproceedings{bergstra2011theano,
	title        = {Theano: a {CPU} and {GPU} Math Expression Compiler},
	author       = {Bergstra, James and Breuleux, Olivier and Bastien, Fr{\'{e}}d{\'{e}}ric and Lamblin, Pascal and Pascanu, Razvan and Desjardins, Guillaume and Turian, Joseph and Warde-Farley, David and Bengio, Yoshua},
	year         = 2010,
	month        = jun,
	booktitle    = {Proceedings of the Python for Scientific Computing Conference ({SciPy})},
	pages        = {3--10},
	editor       = {van der Walt, St{\'{e}}fan and Millman, Jarrod}
}
@inproceedings{bertinetto2016fully,
	title        = {Fully-Convolutional Siamese Networks for Object Tracking},
	author       = {Bertinetto, Luca and Valmadre, Jack and Henriques, Jo{\~a}o F and Vedaldi, Andrea and Torr, Philip HS},
	year         = 2016,
	month        = nov,
	booktitle    = {Computer Vision -- {ECCV} 2016 Workshops},
	publisher    = {Springer International Publishing},
	pages        = {850--865},
	isbn         = {978-3-319-48881-3},
	editor       = {Hua, Gang and J{\'e}gou, Herv{\'e}}
}


@article{broholm2008detecting,
	title        = {Detecting chromosomal alterations at 1p and 19q by {FISH} and {DNA} fragment analysis--a comparative study in human gliomas},
	author       = {Broholm, H and Born, PW and Guterbaum, D and Dyrbye, H and Laursen, H},
	year         = 2008,
	month        = nov,
	journal      = {Clinical neuropathology},
	volume       = 27,
	number       = 6,
	pages        = {378--387},
	doi          = {10.5414/npp27378},
	issn         = {0722-5091},
	url          = {https://doi.org/10.5414/npp27378}
}
@article{capelle2013spontaneous,
	title        = {Spontaneous and therapeutic prognostic factors in adult hemispheric {World} {Health} {Organization} Grade {II} gliomas: a series of 1097 cases},
	author       = {Capelle, Laurent and Fontaine, Denys and Mandonnet, Emmanuel and Taillandier, Luc and Golmard, Jean Louis and Bauchet, Luc and Pallud, Johan and Peruzzi, Philippe and Baron, Marie H{\'e}l{\`e}ne and Kujas, Mich{\`e}le and Guyotat, Jacques and Guillevin, Remi and Frenay, Marc and Taillibert, Sophie and Colin, Philippe and Rigau, Val{\'e}rie and Vandenbos, Fanny and Pinelli, Catherine and Duffau, Hugues and {for the French R{\'e}seau d'{\'E}tude des Gliomes (REG)}},
	year         = 2013,
	month        = jun,
	journal      = {Journal of Neurosurgery},
	publisher    = {American Association of Neurological Surgeons},
	volume       = 118,
	number       = 6,
	pages        = {1157--1168},
	doi          = {10.3171/2013.1.JNS121},
	url          = {https://thejns.org/view/journals/j-neurosurg/118/6/article-p1157.xml}
}
@article{cavelaars2015openclinica,
	title        = {OpenClinica},
	author       = {Cavelaars, Marinel and Rousseau, Jacob and Parlayan, Cuneyt and de Ridder, Sander and Verburg, Annemarie and Ross, Ruud and Visser, Gerben Rienk and Rotte, Annelies and Azevedo, Rita and Boiten, Jan-Willem and Meijer, Gerrit A and Belien, Jeroen AM and Verheul, Henk},
	year         = 2015,
	month        = dec,
	day          = 22,
	journal      = {Journal of Clinical Bioinformatics},
	volume       = 5,
	number       = 1,
	pages        = {S2},
	doi          = {10.1186/2043-9113-5-S1-S2},
	issn         = {2043-9113},
	url          = {https://doi.org/10.1186/2043-9113-5-S1-S2}
}
@article{chang2008preoperative,
	title        = {Preoperative prognostic classification system for hemispheric low-grade gliomas in adults},
	author       = {Chang, Edward F and Smith, Justin S and Chang, Susan M and Lamborn, Kathleen R and Prados, Michael D and Butowski, Nicholas and Barbaro, Nicholas M and Parsa, Andrew T and Berger, Mitchel S and Mcdermott, Michael M},
	year         = 2008,
	month        = nov,
	journal      = {Journal of Neurosurgery},
	publisher    = {American Association of Neurological Surgeons},
	volume       = 109,
	number       = 5,
	pages        = {817--824},
	doi          = {10.3171/JNS/2008/109/11/0817},
	url          = {https://thejns.org/view/journals/j-neurosurg/109/5/article-p817.xml}
}
@article{chang2011libsvm,
	title        = {{LIBSVM}: A Library for Support Vector Machines},
	author       = {Chang, Chih-Chung and Lin, Chih-Jen},
	year         = 2011,
	month        = may,
	journal      = {ACM transactions on intelligent systems and technology ({TIST})},
	publisher    = {Association for Computing Machinery},
	volume       = 2,
	number       = 3,
	doi          = {10.1145/1961189.1961199},
	issn         = {2157-6904},
	url          = {https://doi.org/10.1145/1961189.1961199},
	issue_date   = {April 2011},
	articleno    = {Article 27},
	numpages     = 27
}
@article{chen2017mutant,
	title        = {Mutant {IDH1} and seizures in patients with glioma},
	author       = {Chen, Hao and Judkins, Jonathon and Thomas, Cheddhi and Wu, Meijing and Khoury, Laith and Benjamin, Carolina G and Pacione, Donato and Golfinos, John G and Kumthekar, Priya and Ghamsari, Farhad and Chen, Li and Lein, Pamela and Chetkovich, Dane M and Snuderl, Matija and Horbinski, Craig},
	year         = 2017,
	month        = apr,
	journal      = {Neurology},
	publisher    = {AAN Enterprises},
	volume       = 88,
	number       = 19,
	pages        = {1805--1813},
	doi          = {10.1212/WNL.0000000000003911},
	issn         = {0028-3878},
	url          = {https://n.neurology.org/content/88/19/1805}
}
@misc{chollet2015keras,
	title        = {Keras},
	author       = {Chollet, Fran\c{c}ois and others},
	year         = 2015,
	howpublished = {https://keras.io}
}

@article{collins1995automatic,
	title        = {Automatic {3-D} model-based neuroanatomical segmentation},
	author       = {Collins, D Louis and Holmes, CJ and Peters, Terry M and Evans, Alan C},
	year         = 1995,
	journal      = {Human Brain Mapping},
	volume       = 3,
	number       = 3,
	pages        = {190--208},
	doi          = {10.1002/hbm.460030304},
	url          = {https://onlinelibrary.wiley.com/doi/abs/10.1002/hbm.460030304}
}
@article{cortes1995support,
	title        = {Support-vector networks},
	author       = {Cortes, Corinna and Vapnik, Vladimir},
	year         = 1995,
	month        = sep,
	day          = 1,
	journal      = {Machine Learning},
	volume       = 20,
	number       = 3,
	pages        = {273--297},
	doi          = {10.1007/BF00994018},
	issn         = {1573-0565},
	url          = {https://doi.org/10.1007/BF00994018}
}
@article{court2015ibex,
	title        = {{IBEX}: An open infrastructure software platform to facilitate collaborative work in radiomics},
	author       = {Zhang, Lifei and Fried, David V and Fave, Xenia J and Hunter, Luke A and Yang, Jinzhong and Court, Laurence E},
	year         = 2015,
	month        = feb,
	journal      = {Medical Physics},
	volume       = 42,
	number       = 3,
	pages        = {1341--1353},
	doi          = {10.1118/1.4908210},
	url          = {https://aapm.onlinelibrary.wiley.com/doi/abs/10.1118/1.4908210}
}
@article{fave2016computational,
	title        = {Computational resources for radiomics},
	author       = {Court, Laurence E and Fave, Xenia and Mackin, Dennis and Lee, Joonsang and Yang, Jinzhong and Zhang, Lifei},
	year         = 2016,
	month        = 8,
	day          = 1,
	journal      = {Translational Cancer Research},
	publisher    = {{AME} Publishing Company},
	volume       = 5,
	number       = 4,
	pages        = {340--348},
	doi          = {10.21037/tcr.2016.06.17},
	issn         = {2218-676X}
}
@article{fawcett2006introduction,
	title        = {An introduction to {ROC} analysis},
	author       = {Fawcett, Tom},
	year         = 2006,
	month        = jun,
	journal      = {Pattern Recognition Letters},
	volume       = 27,
	number       = 8,
	pages        = {861--874},
	doi          = {https://doi.org/10.1016/j.patrec.2005.10.010},
	issn         = {0167-8655},
	url          = {http://www.sciencedirect.com/science/article/pii/S016786550500303X}
}
@article{fonov2009unbiased,
	title        = {Unbiased nonlinear average age-appropriate brain templates from birth to adulthood},
	author       = {Fonov, Vladimir S and Evans, Alan C and McKinstry, Robert C and Almli, C Robert and Collins, D Louis},
	year         = 2009,
	month        = jul,
	journal      = {NeuroImage},
	volume       = 47,
	pages        = {S102},
	doi          = {https://doi.org/10.1016/S1053-8119(09)70884-5},
	issn         = {1053-8119},
	url          = {http://www.sciencedirect.com/science/article/pii/S1053811909708845}
}
@article{fonov2011unbiased,
	title        = {Unbiased average age-appropriate atlases for pediatric studies},
	author       = {Fonov, Vladimir and Evans, Alan C and Botteron, Kelly and Almli, C Robert and McKinstry, Robert C and Collins, D Louis},
	year         = 2011,
	month        = jan,
	journal      = {NeuroImage},
	volume       = 54,
	number       = 1,
	pages        = {313--327},
	doi          = {https://doi.org/10.1016/j.neuroimage.2010.07.033},
	issn         = {1053-8119},
	url          = {http://www.sciencedirect.com/science/article/pii/S1053811910010062}
}
@article{franco2009allelic,
	title        = {Allelic status of 1p and 19q in oligodendrogliomas and glioblastomas: multiplex ligation-dependent probe amplification versus loss of heterozygosity},
	author       = {Franco-Hern\'{a}ndez, Carmen and Mart\'{i}nez-Glez, Victor and de Campos, Jose M and Isla, Alberto and Vaquero, Jes\'{u}s and Guti\'{e}rrez, Manuel and Casartelli, Cacilda and Rey, Juan A},
	year         = 2009,
	month        = apr,
	journal      = {Cancer Genetics and Cytogenetics},
	volume       = 190,
	number       = 2,
	pages        = {93--96},
	doi          = {https://doi.org/10.1016/j.cancergencyto.2008.09.017},
	issn         = {0165-4608},
	url          = {http://www.sciencedirect.com/science/article/pii/S0165460809000090}
}
@article{gibson2018niftynet,
	title        = {{NiftyNet}: a deep-learning platform for medical imaging},
	author       = {Gibson, Eli and Li, Wenqi and Sudre, Carole and Fidon, Lucas and Shakir, Dzhoshkun I and Wang, Guotai and Eaton-Rosen, Zach and Gray, Robert and Doel, Tom and Hu, Yipeng and Whyntie, Tom and Nachev, Parashkev and Modat, Marc and Barratt, Dean C and Ourselin, S\'{e}bastien and Cardoso, M Jorge and Vercauteren, Tom},
	year         = 2018,
	month        = may,
	journal      = {Computer Methods and Programs in Biomedicine},
	volume       = 158,
	pages        = {113--122},
	doi          = {https://doi.org/10.1016/j.cmpb.2018.01.025},
	issn         = {0169-2607},
	url          = {http://www.sciencedirect.com/science/article/pii/S0169260717311823}
}
@article{gillies2015radiomics,
	title        = {Radiomics: Images Are More than Pictures, They Are Data},
	author       = {Gillies, Robert J and Kinahan, Paul E and Hricak, Hedvig},
	year         = 2016,
	month        = feb,
	journal      = {Radiology},
	volume       = 278,
	number       = 2,
	pages        = {563--577},
	doi          = {10.1148/radiol.2015151169},
	url          = {https://doi.org/10.1148/radiol.2015151169}
}
@book{gonzalez2006digital,
	title        = {Digital Image Processing},
	author       = {Gonzalez, Rafael C and Woods, Richard E},
	year         = 2007,
	month        = aug,
	publisher    = {Pearson},
	isbn         = 9780133002324,
	edition      = 3
}
@inproceedings{goodfellow2014generative,
	title        = {Generative Adversarial Nets},
	author       = {Goodfellow, Ian and Pouget-Abadie, Jean and Mirza, Mehdi and Xu, Bing and Warde-Farley, David and Ozair, Sherjil and Courville, Aaron and Bengio, Yoshua},
	year         = 2014,
	booktitle    = {Advances in Neural Information Processing Systems},
	publisher    = {Curran Associates, Inc.},
	volume       = 27,
	pages        = {2672--2680},
	url          = {http://papers.nips.cc/paper/5423-generative-adversarial-nets.pdf},
	editor       = {Ghahramani, Zoubin and Welling, Max and Cortes, Corinna and Lawrence, Neil D and Weinberger, Kilian Q}
}
@article{goze2009lack,
	title        = {Lack of complete 1p19q deletion in a consecutive series of 12 {WHO} grade {II} gliomas involving the insula: a marker of worse prognosis?},
	author       = {Goz\'{e}, Catherine and Rigau, Val\'{e}rie and Gibert, L and Maudelonde, Thierry and Duffau, Hugues},
	year         = 2009,
	month        = jan,
	journal      = {Journal of Neuro-Oncology},
	volume       = 91,
	number       = 1,
	pages        = {1--5},
	doi          = {10.1007/s11060-008-9680-8},
	issn         = {1573-7373},
	url          = {https://doi.org/10.1007/s11060-008-9680-8}
}
@article{greenspan2016guest,
	title        = {Guest Editorial Deep Learning in Medical Imaging: Overview and Future Promise of an Exciting New Technique},
	author       = {Greenspan, Hayit and van Ginneken, Bram and Summers, Ronald M},
	year         = 2016,
	month        = may,
	journal      = {IEEE Transactions on Medical Imaging},
	volume       = 35,
	number       = 5,
	pages        = {1153--1159},
	doi          = {10.1109/TMI.2016.2553401},
	issn         = {1558-254X}
}
@inproceedings{he2016deep,
	title        = {Deep Residual Learning for Image Recognition},
	author       = {He, Kaiming and Zhang, Xiangy and Ren, Shaoqing and Sun, Jian},
	year         = 2016,
	month        = jun,
	booktitle    = {{IEEE} Conference on Computer Vision and Pattern Recognition ({CVPR})},
	volume       = 29,
	pages        = {770--778},
	doi          = {10.1109/CVPR.2016.90},
	issn         = {1063-6919}
}
@article{heye2013reproducibility,
	title        = {Reproducibility of Dynamic Contrast-enhanced {MR} Imaging. Part {II}. Comparison of Intra- and Interobserver Variability with Manual Region of Interest Placement versus Semiautomatic Lesion Segmentation and Histogram Analysis},
	author       = {Heye, Tobias and Merkle, Elmar M and Reiner, Caecilia S and Davenport, Matthew S and Horvath, Jeffrey J and Feuerlein, Sebastian and Breault, Steven R and Gall, Peter and Bashir, Mustafa R and Dale, Brian M and Kiraly, Atilla P and Boll, Daniel T},
	year         = 2013,
	month        = mar,
	journal      = {Radiology},
	volume       = 266,
	number       = 3,
	pages        = {812--821},
	doi          = {10.1148/radiol.12120255},
	url          = {https://doi.org/10.1148/radiol.12120255}
}
@article{jakola2012low,
	title        = {Low Grade Gliomas in Eloquent Locations – Implications for Surgical Strategy, Survival and Long Term Quality of Life},
	author       = {Jakola, Asgeir S and Unsg{\aa}rd, Geirmund and Myrmel, Kristin S and Kloster, Roar and Torp, Sverre H and Lindal, Sigurd and Solheim, Ole},
	year         = 2012,
	month        = 12,
	journal      = {{PLoS} {ONE}},
	publisher    = {Public Library of Science},
	volume       = 7,
	number       = 12,
	pages        = {e51450},
	doi          = {10.1371/journal.pone.0051450},
	url          = {https://doi.org/10.1371/journal.pone.0051450}
}
@inproceedings{jia2014caffe,
	title        = {Caffe: Convolutional Architecture for Fast Feature Embedding},
	author       = {Jia, Yangqing and Shelhamer, Evan and Donahue, Jeff and Karayev, Sergey and Long, Jonathan and Girshick, Ross and Guadarrama, Sergio and Darrell, Trevor},
	year         = 2014,
	month        = nov,
	booktitle    = {Proceedings of the 22nd {ACM} International Conference on Multimedia},
	publisher    = {Association for Computing Machinery},
	series       = {MM '14},
	pages        = {675--678},
	doi          = {10.1145/2647868.2654889},
	isbn         = 9781450330633,
	url          = {https://doi.org/10.1145/2647868.2654889}
}

@incollection{jolliffe2011principal,
	title        = {Principal Component Analysis},
	author       = {Jolliffe, Ian},
	year         = 2011,
	booktitle    = {International Encyclopedia of Statistical Science},
	publisher    = {Springer Berlin Heidelberg},
	pages        = {1094--1096},
	doi          = {10.1007/978-3-642-04898-2\_455},
	isbn         = {978-3-642-04898-2},
	url          = {https://doi.org/10.1007/978-3-642-04898-2\%5F455},
	editor       = {Lovric, Miodrag}
}
@article{karlo2014radiogenomics,
	title        = {Radiogenomics of Clear Cell Renal Cell Carcinoma: Associations between {CT} Imaging Features and Mutations},
	author       = {Karlo, Christoph A and Di Paolo, Pier Luigi and Chaim, Joshua and Hakimi, A Ari and Ostrovnaya, Irina and Russo, Paul and Hricak, Hedvig and Motzer, Robert and Hsieh, James J and Akin, Oguz},
	year         = 2014,
	month        = feb,
	journal      = {Radiology},
	volume       = 270,
	number       = 2,
	pages        = {464--471},
	doi          = {10.1148/radiol.13130663},
	url          = {https://doi.org/10.1148/radiol.13130663}
}
@article{klein2009adaptive,
	title        = {Adaptive Stochastic Gradient Descent Optimisation for Image Registration},
	author       = {Klein, Stefan and Pluim, Josien PW and Staring, Marius and Viergever, Max A},
	year         = 2009,
	month        = mar,
	journal      = {International Journal of Computer Vision},
	volume       = 81,
	number       = 3,
	pages        = {227--239},
	doi          = {10.1007/s11263-008-0168-y},
	issn         = {1573-1405},
	url          = {https://doi.org/10.1007/s11263-008-0168-y}
}
@inproceedings{kohavi1995study,
	title        = {A Study of Cross-Validation and Bootstrap for Accuracy Estimation and Model Selection},
	author       = {Kohavi, Ron},
	year         = 1995,
	booktitle    = {Proceedings of the 14th International Joint Conference on Artificial Intelligence},
	publisher    = {Morgan Kaufmann Publishers Inc.},
	series       = {IJCAI'95},
	volume       = 2,
	pages        = {1137--1143},
	isbn         = 1558603638,
	numpages     = 7
}
@inproceedings{krizhevsky2012imagenet,
	title        = {ImageNet Classification with Deep Convolutional Neural Networks},
	author       = {Krizhevsky, Alex and Sutskever, Ilya and Hinton, Geoffrey E},
	year         = 2012,
	booktitle    = {Advances in Neural Information Processing Systems},
	publisher    = {Curran Associates, Inc.},
	volume       = 25,
	pages        = {1097--1105},
	url          = {http://papers.nips.cc/paper/4824-imagenet-classification-with-deep-convolutional-neural-networks.pdf},
	editor       = {Pereira, Fernando and Burges, Christopher JC and Bottou, L\'{e}on and Weinberger, Killian Q}
}
@article{laigle2004correlations,
	title        = {Correlations between molecular profile and radiologic pattern in oligodendroglial tumors},
	author       = {Laigle-Donadey, F and Martin-Duverneuil, N and Lejeune, J and Crini{\`e}re, E and Capelle, L and Duffau, H and Cornu, P and Bro{\"e}t, P and Kujas, M and Mokhtari, K and Carpentier, A and Sanson, M and Hoang-Xuan, K and Thillet, J and Delattre, JY},
	year         = 2004,
	month        = dec,
	journal      = {Neurology},
	publisher    = {Wolters Kluwer Health, Inc. on behalf of the American Academy of Neurology},
	volume       = 63,
	number       = 12,
	pages        = {2360--2362},
	doi          = {10.1212/01.WNL.0000148642.26985.68},
	issn         = {0028-3878},
	url          = {https://n.neurology.org/content/63/12/2360}
}
@article{lambin2012radiomics,
	title        = {Radiomics: Extracting more information from medical images using advanced feature analysis},
	author       = {Lambin, Philippe and Rios-Velazquez, Emmanuel and Leijenaar, Ralph and Carvalho, Sara and van Stiphout, Ruud GPM and Granton, Patrick and Zegers, Catharina ML and Gillies, Robert and Boellard, Ronald and Dekker, Andr\'{e} and Aerts, Hugo JWL},
	year         = 2012,
	month        = mar,
	journal      = {European Journal of Cancer},
	volume       = 48,
	number       = 4,
	pages        = {441--446},
	doi          = {https://doi.org/10.1016/j.ejca.2011.11.036},
	issn         = {0959-8049},
	url          = {http://www.sciencedirect.com/science/article/pii/S0959804911009993}
}
@article{larjavaara2007incidence,
	title        = {Incidence of gliomas by anatomic location},
	author       = {Larjavaara, Suvi and M{\"a}ntyl{\"a}, Riitta and Salminen, Tiina and Haapasalo, Hannu and Raitanen, Jani and J{\"a}{\"a}skel{\"a}inen, Juha and Auvinen, Anssi},
	year         = 2007,
	month        = 7,
	journal      = {Neuro-Oncology},
	volume       = 9,
	number       = 3,
	pages        = {319--325},
	doi          = {10.1215/15228517-2007-016},
	issn         = {1522-8517},
	url          = {https://doi.org/10.1215/15228517-2007-016}
}
@article{lee2017deep,
	title        = {Deep Learning in Medical Imaging: General Overview},
	author       = {Lee, June-Goo and Jun, Sanghoon and Cho, Young-Won and Lee, Hyunna and Kim, Guk Bae and Seo, Joon Beom and Kim, Namkug},
	year         = 2017,
	month        = aug,
	journal      = {Korean Journal of Radiology},
	publisher    = {The Korean Society of Radiology},
	volume       = 18,
	number       = 4,
	pages        = {570--584},
	issn         = {1229-6929},
	url          = {http://synapse.koreamed.org/DOIx.php?id=10.3348\%2Fkjr.2017.18.4.570}
}
@article{louis2014international,
	title        = {{International} {Society} of {Neuropathology} - {Haarlem} Consensus Guidelines for Nervous System Tumor Classification and Grading},
	author       = {Louis, David N and Perry, Arie and Burger, Peter and Ellison, David W and Reifenberger, Guido and von Deimling, Andreas and Aldape, Kenneth and Brat, Daniel and Collins, V Peter and Eberhart, Charles and Figarella-Branger, Dominique and Fuller, Gregory N and Giangaspero, Felice and Giannini, Caterina and Hawkins, Cynthia and Kleihues, Paul and Korshunov, Andrey and Kros, Johan M and Lopes, M. Beatriz and Ng, Ho-Keung and Ohgaki, Hiroko and Paulus, Werner and Pietsch, Torsten and Rosenblum, Marc and Rushing, Elisabeth and Soylemezoglu, Figen and Wiestler, Otmar and Wesseling, Pieter},
	year         = 2014,
	month        = sep,
	journal      = {Brain Pathology},
	volume       = 24,
	number       = 5,
	pages        = {429--435},
	doi          = {10.1111/bpa.12171},
	url          = {https://onlinelibrary.wiley.com/doi/abs/10.1111/bpa.12171}
}

@article{lu2016robustness,
	title        = {Robustness of Radiomic Features in {[11C]}Choline and {[18F]}{FDG} {PET}/{CT} Imaging of Nasopharyngeal Carcinoma: Impact of Segmentation and Discretization},
	author       = {Lu, Lijun and Lv, Wenbing and Jiang, Jun and Ma, Jianhua and Feng, Qianjin and Rahmim, Arman and Chen, Wufan},
	year         = 2016,
	month        = dec,
	journal      = {Molecular Imaging and Biology},
	volume       = 18,
	number       = 6,
	pages        = {935--945},
	doi          = {10.1007/s11307-016-0973-6},
	issn         = {1860-2002},
	url          = {https://doi.org/10.1007/s11307-016-0973-6}
}

@inproceedings{macskassy2005roc,
	title        = {{ROC} Confidence Bands: An Empirical Evaluation},
	author       = {Macskassy, Sofus A and Provost, Foster and Rosset, Saharon},
	year         = 2005,
	booktitle    = {Proceedings of the 22nd International Conference on Machine Learning},
	publisher    = {Association for Computing Machinery},
	series       = {ICML '05},
	pages        = {537--544},
	doi          = {10.1145/1102351.1102419},
	isbn         = 1595931805,
	url          = {https://doi.org/10.1145/1102351.1102419},
	numpages     = 8
}
@article{marcus2007extensible,
	title        = {The extensible neuroimaging archive toolkit},
	author       = {Marcus, Daniel S and Olsen, Timothy R and Ramaratnam, Mohana and Buckner, Randy L},
	year         = 2007,
	month        = mar,
	journal      = {Neuroinformatics},
	volume       = 5,
	number       = 1,
	pages        = {11--33},
	doi          = {10.1385/NI:5:1:11},
	issn         = {1559-0089},
	url          = {https://doi.org/10.1385/NI:5:1:11}
}
@inproceedings{marstal2016simpleelastix,
	title        = {{SimpleElastix}: A User-Friendly, Multi-lingual Library for Medical Image Registration},
	author       = {Marstal, Kasper and Berendsen, Floris and Staring, Marius and Klein, Stefan},
	year         = 2016,
	month        = jun,
	booktitle    = {{IEEE} Conference on Computer Vision and Pattern Recognition Workshops ({CVPRW})},
	volume       = 29,
	pages        = {574--582},
	doi          = {10.1109/CVPRW.2016.78},
	issn         = {2160-7516}
}
@article{metellus2010absence,
	title        = {Absence of {IDH} mutation identifies a novel radiologic and molecular subtype of {WHO} grade {II} gliomas with dismal prognosis},
	author       = {Metellus, Philippe and Coulibaly, Bema and Colin, Carole and de Paula, Andre Maues and Vasiljevic, Alexandre and Taieb, David and Barlier, Anne and Boisselier, Blandine and Mokhtari, Karima and Wang, Xiao Wei and Loundou, Anderson and Chapon, Frederique and Pineau, Sandrine and Ouafik, L{\textquotesingle}Houcine and Chinot, Olivier and Figarella-Branger, Dominique},
	year         = 2010,
	month        = dec,
	journal      = {Acta Neuropathologica},
	volume       = 120,
	number       = 6,
	pages        = {719--729},
	doi          = {10.1007/s00401-010-0777-8},
	issn         = {1432-0533},
	url          = {https://doi.org/10.1007/s00401-010-0777-8}
}
@article{miles2009colorectal,
	title        = {Colorectal Cancer: Texture Analysis of Portal Phase Hepatic {CT} Images as a Potential Marker of Survival},
	author       = {Miles, Kenneth A and Ganeshan, Balaji and Griffiths, Matthew R and Young, Rupert CD and Chatwin, Christopher R},
	year         = 2009,
	month        = feb,
	journal      = {Radiology},
	volume       = 250,
	number       = 2,
	pages        = {444--452},
	doi          = {10.1148/radiol.2502071879},
	url          = {https://doi.org/10.1148/radiol.2502071879}
}
@inproceedings{moreira20153d,
	title        = {{3D} Markup of Radiological Images in {ePAD}, a Web-Based Image Annotation Tool},
	author       = {Moreira, Dilvan A and Hage, Cleber and Luque, Edson F and Willrett, Debra and Rubin, Daniel L},
	year         = 2015,
	month        = jun,
	booktitle    = {{IEEE} International Symposium on Computer-Based Medical Systems},
	volume       = 28,
	pages        = {97--102},
	doi          = {10.1109/CBMS.2015.46},
	issn         = {1063-7125}
}
@article{nadeau2003inference,
	title        = {Inference for the Generalization Error},
	author       = {Nadeau, Claude and Bengio, Yoshua},
	year         = 2003,
	month        = sep,
	journal      = {Machine Learning},
	volume       = 52,
	number       = 3,
	pages        = {239--281},
	doi          = {10.1023/A:1024068626366},
	issn         = {1573-0565},
	url          = {https://doi.org/10.1023/A:1024068626366}
}
@article{o2017imaging,
	title        = {Imaging biomarker roadmap for cancer studies},
	author       = {O{\textquotesingle}Connor, James PB and Aboagye, Eric O and Adams, Judith E and Aerts, Hugo JWL and Barrington, Sally F and Beer, Ambros J and Boellaard, Ronald and Bohndiek, Sarah E and Brady, Michael and Brown, Gina and Buckley, David L and Chenevert, Thomas L and Clarke, Laurence P and Collette, Sandra and Cook, Gary J and deSouza, Nandita M and Dickson, John C and Dive, Caroline and Evelhoch, Jeffrey L and Faivre-Finn, Corinne and Gallagher, Ferdia A and Gilbert, Fiona J and Gillies, Robert J and Goh, Vicky and Griffiths, John R and Groves, Ashley M and Halligan, Steve and Harris, Adrian L and Hawkes, David J and Hoekstra, Otto S and Huang, Erich P and Hutton, Brian F. and Jackson, Edward F and Jayson, Gordon C and Jones, Andrew and Koh, Dow-Mu and Lacombe, Denis and Lambin, Philippe and Lassau, Nathalie and Leach, Martin O and Lee, Ting-Yim and Leen, Edward L and Lewis, Jason S and Liu, Yan and Lythgoe, Mark F and Manoharan, Prakash and Maxwell, Ross J and Miles, Kenneth A and Morgan, Bruno and Morris, Steve and Ng, Tony and Padhani, Anwar R and Parker, Geoff JM and Partridge, Mike and Pathak, Arvind P and Peet, Andrew C and Punwani, Shonit and Reynolds, Andrew R and Robinson, Simon P and Shankar, Lalitha K and Sharma, Ricky A and Soloviev, Dmitry and Stroobants, Sigrid and Sullivan, Daniel C and Taylor, Stuart A and Tofts, Paul S and Tozer, Gillian M and van Herk, Marcel and Walker-Samuel, Simon and Wason, James and Williams, Kaye J and Workman, Paul and Yankeelov, Thomas E and Brindle, Kevin M and McShane, Lisa M and Jackson, Alan and Waterton, John C},
	year         = 2017,
	month        = mar,
	journal      = {Nature Reviews Clinical Oncology},
	volume       = 14,
	number       = 3,
	pages        = {169--186},
	doi          = {10.1038/nrclinonc.2016.162},
	issn         = {1759-4782},
	url          = {https://doi.org/10.1038/nrclinonc.2016.162}
}
@article{ojala2002multiresolution,
	title        = {Multiresolution gray-scale and rotation invariant texture classification with local binary patterns},
	author       = {Ojala, Timo and Pietik{\"a}inen, Matti and M{\"a}enp{\"a}{\"a}, Topi},
	year         = 2002,
	month        = jul,
	journal      = {IEEE Transactions on Pattern Analysis and Machine Intelligence},
	volume       = 24,
	number       = 7,
	pages        = {971--987},
	doi          = {10.1109/TPAMI.2002.1017623},
	issn         = {1939-3539}
}
@article{parekh2016radiomics,
	title        = {Radiomics: a new application from established techniques},
	author       = {Parekh, Vishwa and Jacobs, Michael A},
	year         = 2016,
	journal      = {Expert Review of Precision Medicine and Drug Development},
	publisher    = {Taylor \& Francis},
	volume       = 1,
	number       = 2,
	pages        = {207--226},
	doi          = {10.1080/23808993.2016.1164013},
	url          = {https://doi.org/10.1080/23808993.2016.1164013}
}
@article{parmar2014robust,
	title        = {Robust Radiomics Feature Quantification Using Semiautomatic Volumetric Segmentation},
	author       = {Parmar, Chintan and Rios Velazquez, Emmanuel and Leijenaar, Ralph and Jermoumi, Mohammed and Carvalho, Sara and Mak, Raymond H and Mitra, Sushmita and Shankar, B Uma and Kikinis, Ron and Haibe-Kains, Benjamin and Lambin, Philippe and Aerts, Hugo JWL},
	year         = 2014,
	month        = jul,
	journal      = {{PLoS} {ONE}},
	publisher    = {Public Library of Science},
	volume       = 9,
	number       = 7,
	pages        = {e102107},
	doi          = {10.1371/journal.pone.0102107},
	url          = {https://doi.org/10.1371/journal.pone.0102107}
}
@inproceedings{paszke2019pytorch,
	title        = {{PyTorch}: An Imperative Style, High-Performance Deep Learning Library},
	author       = {Paszke, Adam and Gross, Sam and Massa, Francisco and Lerer, Adam and Bradbury, James and Chanan, Gregory and Killeen, Trevor and Lin, Zeming and Gimelshein, Natalia and Antiga, Luca and Desmaison, Alban and Kopf, Andreas and Yang, Edward and DeVito, Zachary and Raison, Martin and Tejani, Alykhan and Chilamkurthy, Sasank and Steiner, Benoit and Fang, Lu and Bai, Junjie and Chintala, Soumith},
	year         = 2019,
	booktitle    = {Advances in Neural Information Processing Systems},
	publisher    = {Curran Associates, Inc.},
	volume       = 32,
	pages        = {8024--8035},
	url          = {http://papers.nips.cc/paper/9015-pytorch-an-imperative-style-high-performance-deep-learning-library.pdf},
	editor       = {Wallach, Hanna and Larochelle, Hugo and Beygelzimer, Alina and d{\textquotesingle}Alch\'{e}-Buc, Florence and Fox, Emily and Garnett, Roman}
}
@inproceedings{peura1997efficiency,
	title        = {Efficiency of simple shape descriptors},
	author       = {Peura, Markus and Iivarinen, Jukka},
	year         = 1998,
	month        = jan,
	booktitle    = {Advances In Visual Form Analysis: Proceedings Of The 3rd International Workshop On Visual Form},
	publisher    = {WORLD SCIENTIFIC},
	pages        = {443--451},
	doi          = {10.1142/3589},
	url          = {https://www.worldscientific.com/doi/abs/10.1142/3589},
	editor       = {Arcelli, Carlo and di Baja, Gabriella Sanniti and Cordella, Luigi P}
}
@article{pignatti2002prognostic,
	title        = {Prognostic Factors for Survival in Adult Patients With Cerebral Low-Grade Glioma},
	author       = {Pignatti, Francesco and van den Bent, Martin and Curran, Desmond and Debruyne, Channa and Sylvester, Richard and Therasse, Patrick and \'{A}fra, Denes and Cornu, Philippe and Bolla, Michel and Vecht, Charles and Karim, Abul BMF},
	year         = 2002,
	month        = apr,
	journal      = {Journal of Clinical Oncology},
	volume       = 20,
	number       = 8,
	pages        = {2076--2084},
	doi          = {10.1200/JCO.2002.08.121},
	url          = {https://doi.org/10.1200/JCO.2002.08.121}
}
@article{prasanna2016co,
	title        = {Co-occurrence of Local Anisotropic Gradient Orientations ({CoLlAGe}): A new radiomics descriptor},
	author       = {Prasanna, Prateek and Tiwari, Pallavi and Madabhushi, Anant},
	year         = 2016,
	month        = dec,
	journal      = {Scientific Reports},
	volume       = 6,
	number       = 1,
	pages        = 37241,
	doi          = {10.1038/srep37241},
	issn         = {2045-2322},
	url          = {https://doi.org/10.1038/srep37241}
}
@article{rao2014whole,
	title        = {Whole-liver {CT} texture analysis in colorectal cancer: Does the presence of liver metastases affect the texture of the remaining liver?},
	author       = {Rao, Sheng-Xiang and Lambregts, Doenja MJ and Schnerr, Roald S and van Ommen, Wenzel and van Nijnatten, Thiemo JA and Martens, Milou H and Heijnen, Luc A and Backes, Walter H and Verhoef, Cornelis and Zeng, Meng-Su and Beets, Geerard L and Beets-Tan, Regina GH},
	year         = 2014,
	month        = dec,
	journal      = {United European Gastroenterology Journal},
	volume       = 2,
	number       = 6,
	pages        = {530--538},
	doi          = {10.1177/2050640614552463},
	url          = {https://doi.org/10.1177/2050640614552463}
}
@article{rao2016ct,
	title        = {{CT} texture analysis in colorectal liver metastases: A better way than size and volume measurements to assess response to chemotherapy?},
	author       = {Rao, Sheng-Xiang and Lambregts, Doenja MJ and Schnerr, Roald S and Beckers, Rianne CJ and Maas, Monique and Albarello, Fabrizio and Riedl, Robert G and Dejong, Cornelis HC and Martens, Milou H and Heijnen, Luc A and Backes, Walter H and Beets, Geerard L and Zeng, Meng-Su and Beets-Tan, Regina GH},
	year         = 2016,
	month        = apr,
	journal      = {United European Gastroenterology Journal},
	volume       = 4,
	number       = 2,
	pages        = {257--263},
	doi          = {10.1177/2050640615601603},
	url          = {https://doi.org/10.1177/2050640615601603}
}
@inproceedings{rathore2017brain,
	title        = {Brain Cancer Imaging Phenomics Toolkit (brain-{CaPTk}): An Interactive Platform for Quantitative Analysis of Glioblastoma},
	author       = {Rathore, Saima and Bakas, Spyridon and Pati, Sarthak and Akbari, Hamed and Kalarot, Ratheesh and Sridharan, Patmaa and Rozycki, Martin and Bergman, Mark and Tunc, Birkan and Verma, Ragini and Bilello, Michel and Davatzikos, Christos},
	year         = 2017,
	month        = sep,
	booktitle    = {Brainlesion: Glioma, Multiple Sclerosis, Stroke and Traumatic Brain Injuries},
	publisher    = {Springer International Publishing},
	pages        = {133--145},
	isbn         = {978-3-319-75238-9},
	editor       = {Crimi, Alessandro and Bakas, Spyridon and Kuijf, Hugo and Menze, Bjoern and Reyes, Mauricio}
}

@inproceedings{ronneberger2015u,
	title        = {{U-Net}: Convolutional Networks for Biomedical Image Segmentation},
	author       = {Ronneberger, Olaf and Fischer, Philipp and Brox, Thomas},
	year         = 2015,
	booktitle    = {Medical Image Computing and Computer-Assisted Intervention -- {MICCAI} 2015},
	publisher    = {Springer International Publishing},
	pages        = {234--241},
	isbn         = {978-3-319-24574-4},
	editor       = {Navab, Nassir and Hornegger, Joachim and Wells, William M and Frangi, Alejandro F}
}
@article{sanai2005neural,
	title        = {Neural Stem Cells and the Origin of Gliomas},
	author       = {Sanai, Nader and Alvarez-Buylla, Arturo and Berger, Mitchel S},
	year         = 2005,
	month        = aug,
	journal      = {New England Journal of Medicine},
	volume       = 353,
	number       = 8,
	pages        = {811--822},
	doi          = {10.1056/NEJMra043666},
	url          = {https://doi.org/10.1056/NEJMra043666}
}
@article{segal2007decoding,
	title        = {Decoding global gene expression programs in liver cancer by noninvasive imaging},
	author       = {Segal, Eran and Sirlin, Claude B and Ooi, Clara and Adler, Adam S and Gollub, Jeremy and Chen, Xin and Chan, Bryan K and Matcuk, George R and Barry, Christopher T and Chang, Howard Y and Kuo, Michael D},
	year         = 2007,
	month        = jun,
	journal      = {Nature Biotechnology},
	volume       = 25,
	number       = 6,
	pages        = {675--680},
	doi          = {10.1038/nbt1306},
	issn         = {1546-1696},
	url          = {https://doi.org/10.1038/nbt1306}
}
@article{shin2016deep,
	title        = {Deep Convolutional Neural Networks for Computer-Aided Detection: {CNN} Architectures, Dataset Characteristics and Transfer Learning},
	author       = {Shin, Hoo-Chang and Roth, Holger R and Gao, Mingchen and Lu, Le and Xu, Ziyue and Nogues, Isabella and Yao, Jianhua and Mollura, Daniel and Summers, Ronald M},
	year         = 2016,
	month        = may,
	journal      = {{IEEE} Transactions on Medical Imaging},
	volume       = 35,
	number       = 5,
	pages        = {1285--1298},
	doi          = {10.1109/TMI.2016.2528162},
	issn         = {1558-254X}
}

@inproceedings{simonyan2014very,
	title        = {Very Deep Convolutional Networks for Large-Scale Image Recognition},
	author       = {Simonyan, Karen and Zisserman, Andrew},
	year         = 2015,
	month        = may,
	booktitle    = {International Conference on Learning Representations, {ICLR}, Conference Track Proceedings},
	volume       = 3,
	url          = {https://dblp.org/rec/html/journals/corr/SimonyanZ14a},
	editor       = {Bengio, Yoshua and LeCun, Yann}
}
@inproceedings{sokolova2006beyond,
	title        = {Beyond Accuracy, {F}-Score and {ROC}: A Family of Discriminant Measures for Performance Evaluation},
	author       = {Sokolova, Marina and Japkowicz, Nathalie and Szpakowicz, Stan},
	year         = 2006,
	booktitle    = {AI 2006: Advances in Artificial Intelligence},
	publisher    = {Springer Berlin Heidelberg},
	pages        = {1015--1021},
	isbn         = {978-3-540-49788-2},
	editor       = {Sattar, Abdul and Kang, Byeong-ho}
}
@misc{starmans2018workflow,
	title        = {Workflow for {Optimal} {Radiomics} {Classification} {(WORC)}},
	shorttitle   = {WORC},
	author       = {Starmans, Martijn P. A.},
	year         = 2018,
	month        = feb,
	url          = {https://github.com/MStarmans91/WORC},
	urldate      = {2018-06-27}
}
@article{stockhammer2012idh1,
	title        = {{IDH}1/2 mutations in {WHO} grade {II} astrocytomas associated with localization and seizure as the initial symptom},
	author       = {Stockhammer, Florian and Misch, Martin and Helms, Hans-Joachim and Lengler, Ulrike and Prall, Friedrich and von Deimling, Andreas and Hartmann, Christian},
	year         = 2012,
	month        = apr,
	journal      = {Seizure},
	volume       = 21,
	number       = 3,
	pages        = {194--197},
	doi          = {https://doi.org/10.1016/j.seizure.2011.12.007},
	issn         = {1059-1311},
	url          = {http://www.sciencedirect.com/science/article/pii/S1059131111003190}
}
@inproceedings{sun2013hybrid,
	title        = {Hybrid Deep Learning for Face Verification},
	author       = {Sun, Yi and Wang, Xiaogang and Tang, Xiaoou},
	year         = 2013,
	month        = dec,
	booktitle    = {{IEEE} International Conference on Computer Vision ({ICCV})},
	pages        = {1489--1496},
	doi          = {10.1109/ICCV.2013.188},
	issn         = {2380-7504}
}
@inproceedings{szegedy2017inception,
	title        = {Inception-v4, {Inception}-{ResNet} and the Impact of Residual Connections on Learning},
	author       = {Szegedy, Christian and Ioffe, Sergey and Vanhoucke, Vincent and Alemi, Alexander A},
	year         = 2017,
	month        = feb,
	booktitle    = {Proceedings of the Thirty-First {AAAI} Conference on Artificial Intelligence},
	volume       = 5,
	pages        = {4279-- 4284},
	url          = {https://www.aaai.org/ocs/index.php/AAAI/AAAI17/paper/view/14806}
}
@article{tejada2018voxel,
	title        = {Voxel-wise radiogenomic mapping of tumor location with key molecular alterations in patients with glioma},
	author       = {Tejada Neyra, Miguel Angel and Neuberger, Ulf and Reinhardt, Annekathrin and Brugnara, Gianluca and Bonekamp, David and Sill, Martin and Wick, Antje and Jones, David TW and Radbruch, Alexander and Unterberg, Andreas and Debus, J\"{u}rgen and Heiland, Sabine and Schlemmer, Heinz-Peter and Herold-Mende, Christel and Pfister, Stefan and von Deimling, Andreas and Wick, Wolfgang and Capper, David and Bendszus, Martin and Kickingereder, Philipp},
	year         = 2018,
	month        = nov,
	journal      = {Neuro-Oncology},
	volume       = 20,
	number       = 11,
	pages        = {1517--1524},
	doi          = {10.1093/neuonc/noy134},
	issn         = {1522-8517},
	url          = {https://doi.org/10.1093/neuonc/noy134}
}
@article{thornhill2014differentiation,
	title        = {Differentiation of Lipoma From Liposarcoma on {MRI} Using Texture and Shape Analysis},
	author       = {Thornhill, Rebecca E and Golfam, Mohammad and Sheikh, Adnan and Cron, Greg O and White, Eric A and Werier, Joel and Schweitzer, Mark E and Di Primio, Gina},
	year         = 2014,
	month        = sep,
	journal      = {Academic Radiology},
	volume       = 21,
	number       = 9,
	pages        = {1185--1194},
	doi          = {https://doi.org/10.1016/j.acra.2014.04.005},
	issn         = {1076-6332},
	url          = {http://www.sciencedirect.com/science/article/pii/S1076633214001482}
}
@article{van2015transfer,
	title        = {Transfer Learning Improves Supervised Image Segmentation Across Imaging Protocols},
	author       = {Van Opbroek, Annegreet and Ikram, M Arfan and Vernooij, Meike W and De Bruijne, Marleen},
	year         = 2015,
	month        = may,
	journal      = {{IEEE} Transactions on Medical Imaging},
	volume       = 34,
	number       = 5,
	pages        = {1018--1030},
	doi          = {10.1109/TMI.2014.2366792},
	issn         = {1558-254X}
}

@article{van2017computational,
	title        = {Computational Radiomics System to Decode the Radiographic Phenotype},
	author       = {van Griethuysen, Joost JM and Fedorov, Andriy and Parmar, Chintan and Hosny, Ahmed and Aucoin, Nicole and Narayan, Vivek and Beets-Tan, Regina GH and Fillion-Robin, Jean-Christophe and Pieper, Steve and Aerts, Hugo JWL},
	year         = 2017,
	month        = nov,
	journal      = {Cancer Research},
	publisher    = {American Association for Cancer Research},
	volume       = 77,
	number       = 21,
	pages        = {e104--e107},
	doi          = {10.1158/0008-5472.CAN-17-0339},
	issn         = {0008-5472},
	url          = {https://cancerres.aacrjournals.org/content/77/21/e104}
}

@misc{van2018predict,
	title        = {Predict a {Radiomics} {Extensive} {Differentiable} {Interchangable} {Classification} {Toolkit} {(PREDICT)}},
	author       = {van der Voort, Sebastian R. and Starmans, Martijn P. A.},
	year         = 2018,
	month        = feb,
	url          = {https://github.com/Svdvoort/PREDICTFastr},
	urldate      = {2018-06-27}
}
@article{wijnenga2018prognostic,
	title        = {Prognostic relevance of mutations and copy number alterations assessed with targeted next generation sequencing in {IDH} mutant grade {II} glioma},
	author       = {Wijnenga, Maarten MJ and French, Pim J and Dubbink, Hendrikus J and Dinjens, Winand NM and Atmodimedjo, Peggy N and Kros, Johan M and Fleischeuer, Ruth and Dirven, Clemens MF and Vincent, Arnaud JPE and van den Bent, Martin J},
	year         = 2018,
	month        = sep,
	journal      = {Journal of Neuro-Oncology},
	volume       = 139,
	number       = 2,
	pages        = {349--357},
	doi          = {10.1007/s11060-018-2867-8},
	issn         = {1573-7373},
	url          = {https://doi.org/10.1007/s11060-018-2867-8}
}
@article{winkler2014permutation,
	title        = {Permutation inference for the general linear model},
	author       = {Winkler, Anderson M and Ridgway, Gerard R and Webster, Matthew A and Smith, Stephen M and Nichols, Thomas E},
	year         = 2014,
	month        = may,
	journal      = {NeuroImage},
	volume       = 92,
	pages        = {381--397},
	doi          = {https://doi.org/10.1016/j.neuroimage.2014.01.060},
	issn         = {1053-8119},
	url          = {http://www.sciencedirect.com/science/article/pii/S1053811914000913}
}
@article{yip2016applications,
	title        = {Applications and limitations of radiomics},
	author       = {Yip, Stephen SF and Aerts, Hugo JWL},
	year         = 2016,
	month        = jul,
	journal      = {Physics in Medicine and Biology},
	publisher    = {{IOP} Publishing},
	volume       = 61,
	number       = 13,
	pages        = {R150--R166},
	doi          = {10.1088/0031-9155/61/13/r150},
	url          = {https://doi.org/10.1088\%2F0031-9155\%2F61\%2F13\%2Fr150}
}
@article{zhao2016reproducibility,
	title        = {Reproducibility of radiomics for deciphering tumor phenotype with imaging},
	author       = {Zhao, Binsheng and Tan, Yongqiang and Tsai, Wei-Yann and Qi, Jing and Xie, Chuanmiao and Lu, Lin and Schwartz, Lawrence H},
	year         = 2016,
	month        = dec,
	journal      = {Scientific Reports},
	volume       = 6,
	number       = 1,
	pages        = 23428,
	doi          = {10.1038/srep23428},
	issn         = {2045-2322},
	url          = {https://doi.org/10.1038/srep23428}
}
@inproceedings{zhou2016learning,
	title        = {Learning Deep Features for Discriminative Localization},
	author       = {Zhou, Bolei and Khosla, Aditya and Lapedriza, Agata and Oliva, Aude and Torralba, Antonio},
	year         = 2016,
	month        = jun,
	booktitle    = {{IEEE} Conference on Computer Vision and Pattern Recognition ({CVPR})},
	volume       = 29,
	pages        = {2921--2929},
	doi          = {10.1109/CVPR.2016.319},
	issn         = {1063-6919}
}
@article{zhou2017mri,
	title        = {{MRI} features predict survival and molecular markers in diffuse lower-grade gliomas},
	author       = {Zhou, Hao and Valli\`{e}res, Martin and Bai, Harrison X and Su, Chang and Tang, Haiyun and Oldridge, Derek and Zhang, Zishu and Xiao, Bo and Liao, Weihua and Tao, Yongguang and Zhou, Jianhua and Zhang, Paul and Yang, Li},
	year         = 2017,
	month        = jun,
	journal      = {Neuro-Oncology},
	volume       = 19,
	number       = 6,
	pages        = {862--870},
	doi          = {10.1093/neuonc/now256},
	issn         = {1522-8517},
	url          = {https://doi.org/10.1093/neuonc/now256}
}

@article{zwanenburg2016image,
	title        = {Image biomarker standardisation initiative},
	author       = {Zwanenburg, Alex and Leger, Stefan and Valli\`{e}res, Martin and L{\"o}ck, Steffen},
	year         = 2016,
	journal      = {arXiv preprint arXiv:1612.07003}
}
