@article{greenspan2016deep,
  title   = {Deep Learning in Medical Imaging: Overview and Future Promise of an Exciting New Technique},
  author  = {Greenspan, Hayit and van Ginneken, Bram and Summers, Ronald M},
  date    = {2016-05},
  journal = {{IEEE} Transactions on Medical Imaging},
  volume  = 35,
  number  = 5,
  pages   = {1153--1159},
  doi     = {10.1109/TMI.2016.2553401},
  issn    = {1558-254X},
}

@article{lundervold2019overview,
  title   = {An overview of deep learning in medical imaging focusing on {MRI}},
  author  = {Lundervold, Alexander Selvikv{\r a}g and Lundervold, Arvid},
  date    = {2019-05},
  journal = {Zeitschrift f{\"u}r Medizinische Physik},
  volume  = 29,
  number  = 2,
  pages   = {102--127},
  doi     = {10.1016/j.zemedi.2018.11.002},
  issn    = {0939-3889},
}

@article{prevedello2019challenges,
  title   = {Challenges Related to Artificial Intelligence Research in Medical Imaging and the Importance of Image Analysis Competitions},
  author  = {Prevedello, Luciano M and Halabi, Safwan S and Shih, George and Wu, Carol C and Kohli, Marc D and Chokshi, Falgun H and Erickson, Bradley J and Kalpathy-Cramer, Jayashree and Andriole, Katherine P and Flanders, Adam E},
  date    = {2019-01},
  journal = {Radiology: Artificial Intelligence},
  volume  = 1,
  number  = 1,
  eid   = {e180031},
  doi     = {10.1148/ryai.2019180031},
}

@inbook{vanooijen2019quality,
  title     = {Quality and Curation of Medical Images and Data},
  author    = {van Ooijen, Peter M A},
  date      = {2019-01},
  booktitle = {Artificial Intelligence in Medical Imaging},
  editor    = {Ranschaert, Erik R and Morozov, Sergey and Algra, Paul R},
  pages     = {247--255},
  doi       = {10.1007/978-3-319-94878-2_17},
  isbn      = {978-3-319-94878-2},
  publisher = {Springer International Publishing},
}

@article{gorgolewski2016brain,
  title   = {The brain imaging data structure, a format for organizing and describing outputs of neuroimaging experiments},
  author  = {Gorgolewski, Krzysztof J and Auer, Tibor and Calhoun, Vince D and Craddock, R Cameron and Das, Samir and Duff, Eugene P and Flandin, Guillaume and Ghosh, Satrajit S and Glatard, Tristan and Halchenko, Yaroslav O and Handwerker, Daniel A and Hanke, Michael and Keator, David and Li, Xiangrui and Michael, Zachary and Maumet, Camille and Nichols, B Nolan and Nichols, Thomas E and Pellman, John and Poline, Jean-Baptiste and Rokem, Ariel and Schaefer, Gunnar and Sochat, Vanessa and Triplett, William and Turner, Jessica A and Varoquaux, Ga{\"e}l and Poldrack, Russell A},
  date    = {2016-12},
  journal = {Scientific Data},
  volume  = 3,
  number  = 1,
  eid     = {160044},
  doi     = {10.1038/sdata.2016.44},
  issn    = {2052-4463},
}

@article{lambin2017radiomics,
  title   = {Radiomics: the bridge between medical imaging and personalized medicine},
  author  = {Lambin, Philippe and Leijenaar, Ralph T H and Deist, Timo M and Peerlings, Jurgen and de Jong, Evelyn E C and van Timmeren, Janita and Sanduleanu, Sebastian and Larue, Ruben T H M and Even, Aniek J G and Jochems, Arthur and van Wijk, Yvonka and Woodruff, Henry and van Soest, Johan and Lustberg, Tim and Roelofs, Erik and van Elmpt, Wouter and Dekker, Andre and Mottaghy, Felix M and Wildberger, Joachim E and Walsh, Sean},
  date    = {2017-12},
  journal = {Nature Reviews Clinical Oncology},
  volume  = 14,
  number  = 12,
  pages   = {749--762},
  doi     = {10.1038/nrclinonc.2017.141},
  issn    = {1759-4782},
}

@article{gorgolewski2017openneuro,
  title   = {{OpenNeuro} -- a free online platform for sharing and analysis of neuroimaging data},
  author  = {Gorgolewski, Krzysztof and Esteban, Oscar and Schaefer, Gunnar and Wandell, Brian and Poldrack, Russell},
  date    = {2017-07},
  journal = {F1000research},
  volume  = 6,
  eid     = {1055},
  doi     = {10.7490/f1000research.1114354.1}
}

@article{dimartino2017enhancing,
  title   = {Enhancing studies of the connectome in autism using the autism brain imaging data exchange {II}},
  author  = {Martino, Adriana Di and O{\textquoteright}Connor, David and Chen, Bosi and Alaerts, Kaat and Anderson, Jeffrey S and Assaf, Michal and Balsters, Joshua H and Baxter, Leslie and Beggiato, Anita and Bernaerts, Sylvie and Blanken, Laura M E and Bookheimer, Susan Y and Braden, B Blair and Byrge, Lisa and Castellanos, F Xavier and Dapretto, Mirella and Delorme, Richard and Fair, Damien A and Fishman, Inna and Fitzgerald, Jacqueline and Gallagher, Louise and Keehn, R Joanne Jao and Kennedy, Daniel P and Lainhart, Janet E and Luna, Beatriz and Mostofsky, Stewart H and M{\"u}ller, Ralph-Axel and Nebel, Mary Beth and Nigg, Joel T and O{\textquoteright}Hearn, Kirsten and Solomon, Marjorie and Toro, Roberto and Vaidya, Chandan J and Wenderoth, Nicole and White, Tonya and Craddock, R Cameron and Lord, Catherine and Leventhal, Bennett and Milham, Michael P},
  date    = {2017-12},
  journal = {Scientific Data},
  volume  = 4,
  number  = 1,
  eid     = {170010},
  doi     = {10.1038/sdata.2017.10},
  issn    = {2052-4463},
}

@article{lamontagne2018oasis,
  title     = {{OASIS-3}: LONGITUDINAL NEUROIMAGING, CLINICAL, AND COGNITIVE DATASET FOR NORMAL AGING  AND ALZHEIMER'S DISEASE},
  author    = {LaMontagne, Pamela J and Keefe, Sarah and Lauren, Wallace and Xiong, Chengjie and Grant, Elizabeth A and Moulder, Krista L and Morris, John C and Benzinger, Tammie L S and Marcus, Daniel S},
  date      = {2018-07},
  journal   = {Alzheimer's {\&} Dementia},
  volume    = 14,
  number    = {7S, part 20},
  pages       = {P1097},
  doi       = {10.1016/j.jalz.2018.06.1439},
  issn      = {1552-5260},
}

@article{marek2018parkinson,
  title   = {The Parkinson's progression markers initiative ({PPMI}) -- establishing a {PD} biomarker cohort},
  author  = {Marek, Kenneth and Chowdhury, Sohini and Siderowf, Andrew and Lasch, Shirley and Coffey, Christopher S and Caspell-Garcia, Chelsea and Simuni, Tanya and Jennings, Danna and Tanner, Caroline M and Trojanowski, John Q and Shaw, Leslie M and Seibyl, John and Schuff, Norbert and Singleton, Andrew and Kieburtz, Karl and Toga, Arthur W and Mollenhauer, Brit and Galasko, Doug and Chahine, Lana M and Weintraub, Daniel and Foroud, Tatiana and Tosun-Turgut, Duygu and Poston, Kathleen and Arnedo, Vanessa and Frasier, Mark and Sherer, Todd and Bressman, Susan and Merchant, M and Poewe, Werner and Kopil, Catherine and Naito, Anna and Dorsey, Ray and Casaceli, Cynthia and Daegele, Nichole and Albani, Justin and Uribe, Liz and Foster, Eric and Long, Jeff and Seedorff, Nick and Crawford, Karen and Smith, Danielle and Casalin, Paola and Malferrari, Giulia and Halter, Cheryl and Heathers, Laura and Russell, David and Factor, Stewart and Hogarth, Penelope and Amara, Amy and Hauser, Robert and Jankovic, Joseph and Stern, Matthew and Hu, Shu-Ching and Todd, Gretchen and Saunders-Pullman, Rachel and Richard, Irene and Saint-Hilaire, H and Seppi, Klaus and Shill, Holly and Fernandez, Hubert and Trenkwalder, Claudia and Oertel, Wolfgang and Berg, Daniela and Brockman, Kathrin and Wurster, Isabel and Rosenthal, Liana and Tai, Yen and Pavese, Nicola and Barone, Paolo and Isaacson, Stuart and Espay, Alberto and Rowe, Dominic and Brandabur, Melanie and Tetrud, James and Liang, Grace and Iranzo, Alex and Tolosa, Eduardo and Marder, Karen and Sanchez, Maria and Stefanis, Leonidis and Marti, Maria and Martinez, Javier and Corvol, Jean-Christophe and Assly, O and Brillman, Salima and Giladi, Nir and Smejdir, Debra and Pelaggi, Julia and Kausar, Farah and Rees, Linda and Sommerfield, Barbara and Cresswell, Madeline and Blair, Courtney and Williams, Karen and Zimmerman, Grace and Guthrie, Stephanie and Rawlins, Ashlee and Donharl, Leigh and Hunter, Christine and Tran, Baochan and Darin, Abigail and Venkov, Heli and Thomas, Cathi-Ann and James, Raymond and Heim, Beatrice and Deritis, Paul and Sprenger, Fabienne and Raymond, Deborah and Willeke, Diana and Obradov, Zoran and Mule, Jennifer and Monahan, Nancy and Gauss, Katharina and Fontaine, Deborah and Szpak, Daniel and McCoy, Arita and Dunlop, Becky and Payne, Laura and Ainscough, Susan and Carvajal, Lisbeth and Silverstein, Rebecca and Espay, Kristy and Ranola, Madelaine and Rezola, Elisabet and Santana, Helen and Stamelou, Maria and Garrido, Alicia and Carvalho, Stephanie and Kristiansen, Grete and Specketer, Krista and Mirlman, Anat and Facheris, Maurizio and Soares, Holly and Mintun, A and Cedarbaum, Jesse and Taylor, Peggy and Jennings, Danna and Slieker, Lawrence and McBride, Brian and Watson, Colin and Montagut, Etienne and Sheikh, Zulfiqar and Bingol, Baris and Forrat, Remi and Sardi, Pablo and Fischer, Tanya and Reith, D and Egebjerg, Jan and Larsen, Lone and Breysse, Nathalie and Meulien, Didier and Saba, Barbara and Kiyasova, Vera and Min, Chris and McAvoy, Thomas and Umek, Robert and Iredale, Philip and Edgerton, Jeremy and Santi, De and Czech, Christian and Boess, Frank and Sevigny, Jeffrey and Kremer, Thomas and Grachev, Igor and Merchant, Kaplana and Avbersek, Andreja and Muglia, Pierandrea and Stewart, Alexandra and Prashad, Rene and Taucher, Johannes and {the Parkinson's Progression Markers Initiative}},
  date    = {2018-12},
  journal = {Annals of Clinical and Translational Neurology},
  volume  = 5,
  number  = 12,
  pages   = {1460--1477},
  doi     = {10.1002/acn3.644},
}

@article{montagnon2020deep,
  title   = {Deep learning workflow in radiology: a primer},
  author  = {Montagnon, Emmanuel and Cerny, Milena and Cadrin-Ch{\^e}nevert, Alexandre and Hamilton, Vincent and Derennes, Thomas and Ilinca, Andr{\'e} and Vandenbroucke-Menu, Franck and Turcotte, Simon and Kadoury, Samuel and Tang, An},
  date    = {2020-12},
  journal = {Insights into Imaging},
  volume  = 11,
  number  = 1,
  eid     = {22},
  doi     = {10.1186/s13244-019-0832-5},
  issn    = {1869-4101},
}

@article{wang2011automated,
  title   = {An Automated {DICOM} Database Capable of Arbitrary Data Mining (Including Radiation Dose Indicators) for Quality Monitoring},
  author  = {Wang, Shanshan and Pavlicek, William and Roberts, Catherine C and Langer, Steve G and Zhang, Muhong and Hu, Mengqi and Morin, Richard L and Schueler, Beth A and Wellnitz, Clinton V and Wu, Teresa},
  date    = {2011-04},
  journal = {Journal of Digital Imaging},
  volume  = 24,
  number  = 2,
  pages   = {223--233},
  doi     = {10.1007/s10278-010-9329-y},
  issn    = {1618-727X},
}








@article{arias2016medical,
	author       = {Arias, Jacinto and Mart{\'i}nez-G{\'o}mez, Jesus and G{\'a}mez, Jose A and de Herrera, Alba G Seco and M{\"u}ller, Henning},
	doi          = {10.1016/j.cviu.2016.04.002},
	issn         = {1077-3142},
	journal      = {Computer Vision and Image Understanding},
	month        = {October},
	pages        = {61--71},
	title        = {Medical image modality classification using discrete Bayesian networks},
	url          = {https://doi.org/10.1016/j.cviu.2016.04.002},
	volume       = {151},
	year         = {2016}
}

@misc{barboriak2015radiology,
	author       = {Barboriak, Daniel},
	doi          = {10.7937/K9/TCIA.2015.VOSN3HN1},
	title        = {Data From {RIDER\_NEURO\_MRI}},
	url          = {https://doi.org/10.7937/K9/TCIA.2015.VOSN3HN1},
	year         = {2015}
}


@misc{cptac2018radiology,
	author       = {{National Cancer Institute Clinical Proteomic Tumor Analysis Consortium ({CPTAC})}},
	doi          = {10.7937/k9/tcia.2018.3rje41q1},
	title        = {Radiology Data from the Clinical Proteomic Tumor Analysis Consortium Glioblastoma Multiforme {CPTAC-GBM} collection},
	url          = {https://doi.org/10.7937/k9/tcia.2018.3rje41q1},
	year         = {2018}
}

@article{devries2018learning,
	author       = {DeVries, Terrance and Taylor, Graham W},
	journal      = {arXiv preprint arXiv:1802.04865},
	title        = {Learning Confidence for Out-of-Distribution Detection in Neural Networks},
	year         = {2018}
}



@article{dimitrovski2015improved,
	author       = {Dimitrovski, Ivica and Kocev, Dragi and Kitanovski, Ivan and Loskovska, Suzana and D{\v z}eroski, Sa{\v s}o},
	doi          = {10.1016/j.compmedimag.2014.06.005},
	issn         = {0895-6111},
	journal      = {Computerized Medical Imaging and Graphics},
	month        = {January},
	pages        = {14--26},
	title        = {Improved medical image modality classification using a combination of visual and textual features},
	url          = {https://doi.org/10.1016/j.compmedimag.2014.06.005},
	volume       = {39},
	year         = {2015}
}

@inproceedings{erp2011infrastructure,
	author       = {van Erp, T G M and Chervenak, A L and Kesselman, C and D'Arcy, M and Sobell, J and Keator, D and Dahm, L and Murry, J and Law, M and Hasso, A and Ames, J and Macciardi, F and Potkin, S G},
	booktitle    = {2011 {IEEE} International Conference on Bioinformatics and Biomedicine Workshops ({BIBMW})},
	doi          = {10.1109/BIBMW.2011.6112547},
	month        = {November},
	pages        = {1026--1028},
	title        = {Infrastructure for sharing standardized clinical brain scans across hospitals},
	url          = {https://doi.org/10.1109/BIBMW.2011.6112547},
	year         = {2011}
}

@article{esteban2017mriqc,
	author       = {Esteban, Oscar and Birman, Daniel and Schaer, Marie and Koyejo, Oluwasanmi O and Poldrack, Russell A and Gorgolewski, Krzysztof J},
	doi          = {10.1371/journal.pone.0184661},
	journal      = {{PLOS} {ONE}},
	month        = {September},
	number       = {9},
	pages        = {1--21},
	publisher    = {Public Library of Science},
	title        = {{MRIQC}: Advancing the automatic prediction of image quality in {MRI} from unseen sites},
	url          = {https://doi.org/10.1371/journal.pone.0184661},
	volume       = {12},
	year         = {2017}
}

@article{fyllingen2016glioblastoma,
	author       = {Fyllingen, Even Hovig and Stensj{\o}en, Anne Line and Berntsen, Erik Magnus and Solheim, Ole and Reinertsen, Ingerid},
	doi          = {10.1371/journal.pone.0164891},
	journal      = {{PLOS} {ONE}},
	month        = {10},
	number       = {10},
	pages        = {e0164891:1--e0164891:16},
	publisher    = {Public Library of Science},
	title        = {Glioblastoma Segmentation: Comparison of Three Different Software Packages},
	url          = {https://doi.org/10.1371/journal.pone.0164891},
	volume       = {11},
	year         = {2016}
}

@inproceedings{glorot2010understanding,
	author       = {Glorot, Xavier and Bengio, Yoshua},
	booktitle    = {Proceedings of the Thirteenth International Conference on Artificial Intelligence and Statistics},
	editor       = {Teh, Yee Whye and Titterington, Mike},
	month        = {May},
	pages        = {249--256},
	publisher    = {PMLR},
	series       = {Proceedings of Machine Learning Research},
	title        = {Understanding the difficulty of training deep feedforward neural networks},
	url          = {http://proceedings.mlr.press/v9/glorot10a.html},
	volume       = {9},
	year         = {2010}
}




@article{hirsch2015we,
	author       = {Hirsch, Jeffrey D and Siegel, Eliot L and Balasubramanian, Sridhar and Wang, Kenneth C},
	doi          = {10.1007/s10278-015-9771-y},
	issn         = {1618-727X},
	journal      = {Journal of Digital Imaging},
	month        = {August},
	number       = {4},
	pages        = {407--411},
	title        = {We Built This House; It's Time to Move in: Leveraging Existing {DICOM} Structure to More Completely Utilize Readily Available Detailed Contrast Administration Information},
	url          = {https://doi.org/10.1007/s10278-015-9771-y},
	volume       = {28},
	year         = {2015}
}

@inproceedings{huang2017densely,
	author       = {Huang, Gao and Liu, Zhuang and van der Maaten, Laurens and Weinberger, Kilian Q},
	booktitle    = {2017 {IEEE} Conference on Computer Vision and Pattern Recognition ({CVPR})},
	doi          = {10.1109/CVPR.2017.243},
	issn         = {1063-6919},
	month        = {July},
	pages        = {2261--2269},
	title        = {Densely Connected Convolutional Networks},
	url          = {https://doi.org/10.1109/CVPR.2017.243},
	volume       = {30},
	year         = {2017}
}

@article{jenkinson2012fsl,
	author       = {Jenkinson, Mark and Beckmann, Christian F and Behrens, Timothy EJ and Woolrich, Mark W and Smith, Stephen M},
	doi          = {10.1016/j.neuroimage.2011.09.015},
	issn         = {1053-8119},
	journal      = {{NeuroImage}},
	month        = {August},
	number       = {2},
	pages        = {782--790},
	title        = {{FSL}},
	url          = {https://doi.org/10.1016/j.neuroimage.2011.09.015},
	volume       = {62},
	year         = {2012}
}

@inproceedings{kingma2014adam,
	author       = {Kingma, Diederik P and Ba, Jimmy},
	booktitle    = {3rd International Conference on Learning Representations, {ICLR} Conference Track Proceedings},
	month        = {May},
	title        = {Adam: A Method for Stochastic Optimization},
	url          = {http://arxiv.org/abs/1412.6980},
	year         = {2015}
}





@inproceedings{lee2019collagan,
	author       = {Lee, Dongwook and Kim, Junyoung and Moon, Won-Jin and Ye, Jong Chul},
	booktitle    = {2019 {IEEE/CVF} Conference on Computer Vision and Pattern Recognition ({CVPR})},
	doi          = {10.1109/CVPR.2019.00259},
	issn         = {1063-6919},
	month        = {June},
	pages        = {2482--2491},
	title        = {{CollaGAN}: Collaborative {GAN} for Missing Image Data Imputation},
	url          = {https://doi.org/10.1109/CVPR.2019.00259},
	year         = {2019}
}

@article{li2016first,
	author       = {Li, Xiangrui and Morgan, Paul S and Ashburner, John and Smith, Jolinda and Rorden, Christopher},
	doi          = {10.1016/j.jneumeth.2016.03.001},
	issn         = {0165-0270},
	journal      = {Journal of Neuroscience Methods},
	month        = {May},
	pages        = {47--56},
	title        = {The first step for neuroimaging data analysis: {DICOM} to {NIfTI} conversion},
	url          = {https://doi.org/10.1016/j.jneumeth.2016.03.001},
	volume       = {264},
	year         = {2016}
}




@article{mercier2012online,
	author       = {Mercier, Laurence and Maestro, Rolando F Del and Petrecca, Kevin and Araujo, David and Haegelen, Claire and Collins, D Louis},
	doi          = {10.1118/1.4709600},
	issn         = {0165-0270},
	journal      = {Medical Physics},
	month        = {May},
	number       = {6 Part 1},
	pages        = {3253--3261},
	title        = {Online database of clinical {MR} and ultrasound images of brain tumors},
	url          = {https://doi.org/10.1118/1.4709600},
	volume       = {39},
	year         = {2012}
}


@article{moore2015identification,
	author       = {Moore, Stephen M and Maffitt, David R and Smith, Kirk E and Kirby, Justin S and Clark, Kenneth W and Freymann, John B and Vendt, Bruce A and Tarbox, Lawrence R and Prior, Fred W},
	doi          = {10.1148/rg.2015140244},
	journal      = {{RadioGraphics}},
	month        = {May},
	number       = {3},
	pages        = {727--735},
	title        = {De-identification of Medical Images with Retention of Scientific Research Value},
	url          = {https://doi.org/10.1148/rg.2015140244},
	volume       = {35},
	year         = {2015}
}

@misc{nameeta2016radiology,
	author       = {Shah, Nameeta and Feng, Xu and Lankerovich, Michael and Puchalski, Ralph B and Keogh, Bart},
	doi          = {10.7937/K9/TCIA.2016.XLwaN6nL},
	title        = {Data from Ivy {GAP}},
	url          = {https://doi.org/10.7937/K9/TCIA.2016.XLwaN6nL},
	year         = {2016}
}

@inproceedings{nie20163d,
	author       = {Nie, Dong and Zhang, Han and Adeli, Ehsan and Liu, Luyan and Shen, Dinggang},
	booktitle    = {Medical Image Computing and Computer-Assisted Intervention {\textendash} {MICCAI} 2016},
	doi          = {10.1007/978-3-319-46723-8_25},
	editor       = {Ourselin, Sebastien and Joskowicz, Leo and Sabuncu, Mert R and Unal, Gozde and Wells, William},
	isbn         = {978-3-319-46723-8},
	month        = {October},
	number       = {2},
	pages        = {212--220},
	publisher    = {Springer},
	title        = {{3D} Deep Learning for Multi-modal Imaging-Guided Survival Time Prediction of Brain Tumor Patients},
	volume       = {19},
	year         = {2016}
}

@misc{pedano2016radiology,
	author       = {Pedano, Nancy and Flanders, Adam E and Scarpace, Lisa and Mikkelsen, Tom and Eschbacher, Jennifer M and Hermes, Beth and Sisneros, Victor and Barnholtz-Sloan, Jill and Ostrom, Quinn},
	doi          = {10.7937/K9/TCIA.2016.L4LTD3TK},
	title        = {Radiology data from The Cancer Genome Atlas Low Grade Glioma [{TCGA-LGG}] collection},
	url          = {https://doi.org/10.7937/K9/TCIA.2016.L4LTD3TK},
	year         = {2016}
}

@inproceedings{pereira2015deep,
	author       = {Pereira, S{\'e}rgio and Pinto, Adriano and Alves, Victor and Silva, Carlos A},
	booktitle    = {Brainlesion: Glioma, Multiple Sclerosis, Stroke and Traumatic Brain Injuries},
	doi          = {10.1007/978-3-319-30858-6_12},
	editor       = {Crimi, Alessandro and Menze, Bjoern and Maier, Oskar and Reyes, Mauricio and Handels, Heinz},
	isbn         = {978-3-319-30858-6},
	month        = {October},
	pages        = {131--143},
	publisher    = {Springer},
	series       = {Lecture Notes in Computer Science},
	title        = {Deep Convolutional Neural Networks for the Segmentation of Gliomas in Multi-sequence {MRI}},
	url          = {https://doi.org/10.1007/978-3-319-30858-6_12},
	volume       = {9556},
	year         = {2015}
}

@inproceedings{prasoon2013deep,
	author       = {Prasoon, Adhish and Petersen, Kersten and Igel, Christian and Lauze, Fran{\c c}ois and Dam, Erik and Nielsen, Mads},
	booktitle    = {Advanced Information Systems Engineering},
	doi          = {10.1007/978-3-642-40763-5_31},
	editor       = {Mori, Kensaku and Sakuma, Ichiro and Sato, Yoshinobu and Barillot, Christian and Navab, Nassir},
	isbn         = {978-3-642-40763-5},
	pages        = {246--253},
	publisher    = {Springer Berlin Heidelberg},
	title        = {Deep Feature Learning for Knee Cartilage Segmentation Using a Triplanar Convolutional Neural Network},
	url          = {https://doi.org/10.1007/978-3-642-40763-5_31},
	year         = {2013}
}



@inproceedings{remedios2018classifying,
	author       = {Remedios, Samuel and Roy, Snehashis and Pham, Dzung L and Butman, John A},
	booktitle    = {Medical Imaging 2018: Computer-Aided Diagnosis},
	doi          = {10.1117/12.2293943},
	editor       = {Petrick, Nicholas and Mori, Kensaku},
	month        = {February},
	number       = {105752I},
	organization = {International Society for Optics and Photonics},
	pages        = {558--563},
	publisher    = {SPIE},
	title        = {Classifying magnetic resonance image modalities with convolutional neural networks},
	url          = {https://doi.org/10.1117/12.2293943},
	volume       = {10575},
	year         = {2018}
}

@inproceedings{rongjian2014deep,
	author       = {Li, Rongjian and Zhang, Wenlu and Suk, Heung-Il and Wang, Li and Li, Jiang and Shen, Dinggang and Ji, Shuiwang},
	booktitle    = {Medical Image Computing and Computer-Assisted Intervention {\textendash} {MICCAI} 2014},
	doi          = {10.1007/978-3-319-10443-0_39},
	editor       = {Golland, Polina and Hata, Nobuhiko and Barillot, Christian and Hornegger, Joachim and Howe, Robert},
	isbn         = {978-3-319-10443-0},
	month        = {September},
	pages        = {305--312},
	publisher    = {Springer International Publishing},
	title        = {Deep Learning Based Imaging Data Completion for Improved Brain Disease Diagnosis},
	url          = {https://doi.org/10.1007/978-3-319-10443-0_39},
	year         = {2014}
}

@misc{scarpace2015radiology,
	author       = {Scarpace, Lisa and Flanders, Adam E and Jain, Rajan and Mikkelsen, Tom and Andrews, David W},
	doi          = {10.7937/K9/TCIA.2015.588OZUZB},
	title        = {Data From {REMBRANDT}},
	url          = {https://doi.org/10.7937/K9/TCIA.2015.588OZUZB},
	year         = {2015}
}

@misc{scarpace2016radiology,
	author       = {Scarpace, Lisa and Mikkelsen, Tom and Cha, Soonmee and Rao, Sujaya and Tekchandani, Sangeeta and Gutman, David and Saltz, Joel H and Erickson, Bradley J and Pedano, Nancy and Flanders, Adam E and Barnholtz-Sloan, Jill and Ostrom, Quinn and Barboriak, Daniel and Pierce, Laura J},
	doi          = {10.7937/K9/TCIA.2016.RNYFUYE9},
	title        = {Radiology data from the cancer genome atlas glioblastoma multiforme [{TCGA-GBM}] collection},
	url          = {https://doi.org/10.7937/K9/TCIA.2016.RNYFUYE9},
	year         = {2016}
}

@misc{schmainda2018radiology,
	author       = {Schmainda, Kathleen and Prah, Melissa},
	doi          = {10.7937/K9/TCIA.2018.15quzvnb},
	title        = {Data from Brain-Tumor-Progression},
	url          = {https://doi.org/10.7937/K9/TCIA.2018.15quzvnb},
	year         = {2018}
}

@inproceedings{selvaraju2017grad,
	author       = {Selvaraju, Ramprasaath R and Cogswell, Michael and Das, Abhishek and Vedantam, Ramakrishna and Parikh, Devi and Batra, Dhruv},
	booktitle    = {2017 {IEEE} International Conference on Computer Vision ({ICCV})},
	doi          = {10.1109/ICCV.2017.74},
	issn         = {2380-7504},
	month        = {October},
	pages        = {618--626},
	title        = {{Grad-CAM}: Visual Explanations from Deep Networks via Gradient-Based Localization},
	url          = {https://doi.org/10.1109/ICCV.2017.74},
	year         = {2017}
}

@inproceedings{simonyan2014deep,
	author       = {Simonyan, Karen and Vedaldi, Andrea and Zisserman, Andrew},
	booktitle    = {International Conference on Learning Representations, {ICLR}, Workshop Track Proceedings},
	editor       = {Yoshua Bengio and Yann LeCun},
	month        = {April},
	title        = {Deep Inside Convolutional Networks: Visualising Image Classification Models and Saliency Maps},
	url          = {http://arxiv.org/abs/1312.6034},
	year         = {2014}
}
}

@inproceedings{springenberg2015striving,
	author       = {Springenberg, Jost Tobias and Dosovitskiy, Alexey and Brox, Thomas and Riedmiller, Martin A},
	booktitle    = {International Conference on Learning Representations, {ICLR}, Workshop Track Proceedings},
	month        = {May},
	title        = {Striving for Simplicity: The All Convolutional Net},
	url          = {http://arxiv.org/abs/1412.6806},
	year         = {2015}
}

@inproceedings{srinivas2014medical,
	author       = {Srinivas, M and Mohan, C Krishna},
	booktitle    = {2014 19th International Conference on Digital Signal Processing},
	doi          = {10.1109/ICDSP.2014.6900739},
	issn         = {1546-1874},
	month        = {August},
	pages        = {621--625},
	title        = {Medical images modality classification using multi-scale dictionary learning},
	url          = {https://doi.org/10.1109/ICDSP.2014.6900739},
	volume       = {19},
	year         = {2014}
}

@article{tajbakhsh2016convolutional,
	author       = {Tajbakhsh, Nima and Shin, Jae Y and Gurudu, Suryakanth R and Hurst, R Todd and Kendall, Christopher B and Gotway, Michael B and Liang, Jianming},
	doi          = {10.1109/TMI.2016.2535302},
	issn         = {1558-254X},
	journal      = {{IEEE} Transactions on Medical Imaging},
	month        = {May},
	number       = {5},
	pages        = {1299--1312},
	title        = {Convolutional Neural Networks for Medical Image Analysis: Full Training or Fine Tuning?},
	url          = {https://doi.org/10.1109/TMI.2016.2535302},
	volume       = {35},
	year         = {2016}
}

@article{tamada2020motion,
	author       = {Tamada, Daiki and Kromrey, Marie-Luise and Ichikawa, Shintaro and Onishi, Hiroshi and Motosugi, Utaroh},
	doi          = {10.2463/mrms.mp.2018-0156},
	journal      = {Magnetic Resonance in Medical Sciences},
	month        = {February},
	number       = {1},
	pages        = {64--76},
	title        = {Motion Artifact Reduction Using a Convolutional Neural Network for Dynamic Contrast Enhanced {MR} Imaging of the Liver},
	url          = {https://doi.org/10.2463/mrms.mp.2018-0156},
	volume       = {19},
	year         = {2020}
}



@article{xiao2017retrospective,
	author       = {Xiao, Yiming and Fortin, Maryse and Unsg{\r a}rd, Geirmund and Rivaz, Hassan and Reinertsen, Ingerid},
	doi          = {10.1002/mp.12268},
	journal      = {Medical Physics},
	month        = {July},
	number       = {7},
	pages        = {3875--3882},
	title        = {{REtroSpective} Evaluation of Cerebral Tumors ({RESECT)}: A clinical database of pre-operative {MRI} and intra-operative ultrasound in low-grade glioma surgeries},
	url          = {https://doi.org/10.1002/mp.12268},
	volume       = {44},
	year         = {2017}
}

@article{yu2015modality,
	author       = {Yu, Yuhai and Lin, Hongfei and Yu, Qinghao and Meng, Jiana and Zhao, Zhehuan and Li, Yanpeng and Zuo, Li},
	issn         = {1553-9105},
	journal      = {Journal of Computational Information Systems},
	number       = {15},
	pages        = {5403--5413},
	title        = {Modality classification for medical images using multiple deep convolutional neural networks},
	volume       = {11},
	year         = {2015}
}
