@article{santosh2019india,
    author        = {Santosh, Vani. and Sravya, Palavalasa. and Gupta, Tejpal. and Muzumdar, Dattatraya. and Chacko, Geeta. and Suri, Vaishali. and Epari, Sridhar. and Balasubramaniam, Anandh. and Radotra, Bishan. and Chatterjee, Sandip. and Sarkar, Chitra. and Jalali, Rakesh.},
    journal       = {Neurology India},
    number        = {1},
    pages         = {173--182},
    title         = {{ISNO} consensus guidelines for practical adaptation of the {WHO} 2016 classification of adult diffuse gliomas},
    volume        = {67},
    year          = {2019}
}

@article{dewitt2017costIDH,
    title        = {{Cost-effectiveness of IDH testing in diffuse gliomas according to the 2016 WHO classification of tumors of the central nervous system recommendations}},
    author       = {DeWitt, John C and Jordan, Justin T and Frosch, Matthew P and Samore, Wesley R and Iafrate, A John and Louis, David N and Lennerz, Jochen K},
    year         = 2017,
    month        = {06},
    journal      = {Neuro-Oncology},
    volume       = 19,
    number       = 12,
    pages        = {1640--1650},
    doi          = {10.1093/neuonc/nox120},
    issn         = {1522-8517},
}

@article{malzkorn2016practical,
    title        = {Practical implications of integrated glioma classification according to the World Health Organization classification of tumors of the central nervous system 2016},
    author       = {Malzkorn, Bastian and Reifenberger, Guido},
    year         = 2016,
    journal      = {Current Opinion in Oncology},
    volume       = 28,
    number       = 6,
    issn         = {1040-8746},
}

@article{pyo2016concordance,
    title        = {Concordance analysis and diagnostic test accuracy review of IDH1 immunohistochemistry in glioblastoma},
    author       = {Pyo, Jung-Soo and Kim, Nae Yu and Kim, Roy Hyun Jai and Kang, Guhyun},
    year         = 2016,
    month        = oct,
    day          = {01},
    journal      = {Brain Tumor Pathology},
    volume       = 33,
    number       = 4,
    pages        = {248--254},
    doi          = {10.1007/s10014-016-0272-6},
    issn         = {1861-387X},
}

@article{wang2017mgmt,
    title        = {Comparative assessment of three methods to analyze MGMT methylation status in a series of 350 gliomas and gangliogliomas},
    author       = {Leiming Wang and Zhuo Li and Cuicui Liu and Li Chen and Li Liu and Zeliang Hu and Lihong Zhao and Dehong Lu and Lianghong Teng},
    year         = 2017,
    journal      = {Pathology - Research and Practice},
    volume       = 213,
    number       = 12,
    pages        = {1489--1493},
    doi          = {https://doi.org/10.1016/j.prp.2017.10.007},
    issn         = {0344-0338},
}

@article{menze2015brats,
title        = {The Multimodal Brain Tumor Image Segmentation Benchmark (BRATS)},
author       = {B. H. {Menze} and A. {Jakab} and S. {Bauer} and J. {Kalpathy-Cramer} and K. {Farahani} and J. {Kirby} and Y. {Burren} and N. {Porz} and J. {Slotboom} and R. {Wiest} and L. {Lanczi} and E. {Gerstner} and M. {Weber} and T. {Arbel} and B. B. {Avants} and N. {Ayache} and P. {Buendia} and D. L. {Collins} and N. {Cordier} and J. J. {Corso} and A. {Criminisi} and T. {Das} and H. {Delingette} and Ç. {Demiralp} and C. R. {Durst} and M. {Dojat} and S. {Doyle} and J. {Festa} and F. {Forbes} and E. {Geremia} and B. {Glocker} and P. {Golland} and X. {Guo} and A. {Hamamci} and K. M. {Iftekharuddin} and R. {Jena} and N. M. {John} and E. {Konukoglu} and D. {Lashkari} and J. A. {Mariz} and R. {Meier} and S. {Pereira} and D. {Precup} and S. J. {Price} and T. R. {Raviv} and S. M. S. {Reza} and M. {Ryan} and D. {Sarikaya} and L. {Schwartz} and H. {Shin} and J. {Shotton} and C. A. {Silva} and N. {Sousa} and N. K. {Subbanna} and G. {Szekely} and T. J. {Taylor} and O. M. {Thomas} and N. J. {Tustison} and G. {Unal} and F. {Vasseur} and M. {Wintermark} and D. H. {Ye} and L. {Zhao} and B. {Zhao} and D. {Zikic} and M. {Prastawa} and M. {Reyes} and K. {Van Leemput}},
year         = 2015,
journal      = {IEEE Transactions on Medical Imaging},
volume       = 34,
number       = 10,
pages        = {1993--2024}
}

@article{mikkelsen2020mgmt,
    title        = {{MGMT Promoter Methylation Status Is Not Related to Histological or Radiological Features in IDH Wild-type Glioblastomas}},
    author       = {Mikkelsen, Vilde Elisabeth and Dai, Hong Yan and Stensjøen, Anne Line and Berntsen, Erik Magnus and Salvesen, Øyvind and Solheim, Ole and Torp, Sverre Helge},
    year         = 2020,
    month        = {07},
    journal      = {Journal of Neuropathology & Experimental Neurology},
    volume       = 79,
    number       = 8,
    pages        = {855--862},
    doi          = {10.1093/jnen/nlaa060},
    issn         = {0022-3069},
}

