%%%% ELASTIX

@article{klein2010elastix,
  author    = {Klein, S and Staring, M and Murphy, K and Viergever, MA and Pluim, J},
  issn      = {0278-0062},
  issue     = {1},
  journal   = {{IEEE} Transactions on Medical Imaging},
  month     = {January},
  number    = {1},
  pages     = {196--205},
  publisher = {Institute of Electrical and Electronics Engineers ({IEEE})},
  title     = {elastix: A Toolbox for Intensity-Based Medical Image Registration},
  url       = {https://doi.org/10.1109/TMI.2009.2035616},
  volume    = {29},
  year      = {2010}
}

@article{shamonin2014fast,
  author    = {Shamonin, Denis},
  issn      = {1662-5196},
  journal   = {Frontiers in Neuroinformatics},
  pages     = {50},
  publisher = {Frontiers Media {SA}},
  title     = {Fast parallel image registration on {CPU} and {GPU} for diagnostic classification of Alzheimer's disease},
  url       = {https://doi.org/10.3389/fninf.2013.00050},
  volume    = {7},
  year      = {2013}
}

%%% DCM2NIIX

@article{li2016dcmniix,
  author    = {Li, Xiangrui and Morgan, Paul S and Ashburner, John and Smith, Jolinda and Rorden, Christopher},
  issn      = {0165-0270},
  journal   = {Journal of Neuroscience Methods},
  month     = {May},
  pages     = {47--56},
  publisher = {Elsevier {BV}},
  title     = {The first step for neuroimaging data analysis: {DICOM} to {NIfTI} conversion},
  url       = {https://doi.org/10.1016/j.jneumeth.2016.03.001},
  volume    = {264},
  year      = {2016}
}

%%% MNI ATLAS


%%%%%%%%%%%%%%%%% ITKSNAP
@article{yushkevich20063D,
  author  = {Paul A. Yushkevich and Joseph Piven and Cody Hazlett, Heather and
    Gimpel Smith, Rachel and Sean Ho and James C. Gee and Guido Gerig},
  title   = {User-Guided {3D} Active Contour Segmentation of
    Anatomical Structures: Significantly Improved Efficiency and Reliability},
  journal = {Neuroimage},
  year    = {2006},
  volume  = {31},
  number  = {3},
  pages   = {1116--1128}
}


%%%%%%%%%%%% HD BET

@article{isensee2019hdbet,
  author    = {Isensee, Fabian and Schell, Marianne and Pflueger, Irada and Brugnara, Gianluca and Bonekamp, David and Neuberger, Ulf and Wick, Antje and Schlemmer, Heinz-Peter and Heiland, Sabine and Wick, Wolfgang and Bendszus, Martin and Maier-Hein, Klaus H and Kickingereder, Philipp},
  eprint    = {https://onlinelibrary.wiley.com/doi/pdf/10.1002/hbm.24750},
  issn      = {1065-9471},
  issue     = {17},
  journal   = {Human Brain Mapping},
  month     = {December},
  number    = {17},
  pages     = {4952--4964},
  publisher = {Wiley},
  title     = {Automated brain extraction of multisequence {MRI} using artificial neural networks},
  url       = {https://doi.org/10.1002/hbm.24750},
  volume    = {40},
  year      = {2019}
}


%%%%%%% prognosais aritlce
@article{voort2020,
  title     = {{WHO} 2016 subtyping and automated segmentation of glioma using multi-task deep learning},
  author    = {van der Voort, S.R. and Incekara, F and Wijnenga, M J and Kapas, G and Gahrmann, R and Schouten, J W and Nandoe Tewarie, R and Lycklama {\`a} Nijeholt, G J and De Witt Hamer, P C and Eijgelaar, R S and French, P J and Dubbink, Hendrikus J and Vincent, A J P E and Niessen, W J and van der Bent, M J and Smits, M and Klein, S},
  journal = {submitted},
  year = {2020},
  volume = {arXiv: 2010.04425}
}

