@article{bullmore1999global,
	author    = {Bullmore, ET and Suckling, J and Overmeyer, S and Rabe-Hesketh, S and Taylor, E and Brammer, MJ},
	doi       = {10.1109/42.750253},
	issn      = {0278-0062},
	issue     = {1},
	journal   = {{IEEE} Transactions on Medical Imaging},
	number    = {1},
	pages     = {32--42},
	publisher = {Institute of Electrical and Electronics Engineers ({IEEE})},
	title     = {Global, voxel, and cluster tests, by theory and permutation, for a difference between two groups of structural {MR} images of the brain},
	url       = {https://doi.org/10.1109/42.750253},
	volume    = {18},
	year      = {1999}
}

@article{carillo2012relationship,
	author    = {Carrillo, JA and Lai, A and Nghiemphu, PL and Kim, HJ and Phillips, HS and Kharbanda, S and Moftakhar, P and Lalaezari, S and Yong, W and Ellingson, BM and Cloughesy, TF and Pope, WB},
	doi       = {10.3174/ajnr.a2950},
	issn      = {0195-6108},
	issue     = {7},
	journal   = {American Journal of Neuroradiology},
	month     = {August},
	pages     = {1349--1355},
	publisher = {American Society of Neuroradiology ({ASNR})},
	title     = {Relationship between Tumor Enhancement, Edema, {IDH1} mutational status, {MGMT} promoter methylation, and Survival in Glioblastoma},
	url       = {https://doi.org/10.3174/ajnr.A2950},
	volume    = {33},
	year      = {2012}
}

@article{drabycz2010analysis,
	author    = {Drabycz, Sylvia and Rold{\'a}n, Gloria and de Robles, Paula and Adler, Daniel and McIntyre, John B and Magliocco, Anthony M and Cairncross, J Gregory and Mitchell, J Ross},
	doi       = {10.1016/j.neuroimage.2009.09.049},
	issn      = {1053-8119},
	issue     = {2},
	journal   = {{NeuroImage}},
	month     = {January},
	number    = {2},
	pages     = {1398--1405},
	publisher = {Elsevier {BV}},
	title     = {An analysis of image texture, tumor location, and {MGMT} promoter methylation in glioblastoma using magnetic resonance imaging},
	url       = {https://doi.org/10.1016/j.neuroimage.2009.09.049},
	volume    = {49},
	year      = {2010}
}

@article{dubbink2015molecular,
	author    = {Dubbink, Hendrikus J and Atmodimedjo, Peggy N and Kros, Johan M and French, Pim J and Sanson, Marc and Idbaih, Ahmed and Wesseling, Pieter and Enting, Roelien and Spliet, Wim and Tijssen, Cees and Dinjens, Winand N M and Gorlia, Thierry and van den Bent, Martin J},
	doi       = {10.1093/neuonc/nov182},
	issn      = {1522-8517},
	issue     = {3},
	journal   = {Neuro-Oncology},
	month     = {March},
	number    = {3},
	pages     = {388--400},
	publisher = {Oxford University Press ({OUP})},
	title     = {Molecular classification of anaplastic oligodendroglioma using next-generation sequencing: a report of the prospective randomized {EORTC} Brain Tumor Group 26951 phase {III} trial},
	url       = {https://doi.org/10.1093/neuonc/nov182},
	volume    = {18},
	year      = {2016}
}

@article{ellingson2012anatomic,
	author    = {Ellingson, Benjamin M and Cloughesy, Timothy F and Pope, Whitney B and Zaw, Taryar M and Phillips, Heidi and Lalezari, Shadi and Nghiemphu, Phioanh L and Ibrahim, Hassana and Naeini, Kourosh M and Harris, Robert J and Lai, Albert},
	doi       = {10.1016/j.neuroimage.2011.09.076},
	issn      = {1053-8119},
	issue     = {2},
	journal   = {{NeuroImage}},
	month     = {January},
	number    = {2},
	pages     = {908--916},
	publisher = {Elsevier {BV}},
	title     = {Anatomic localization of {O6-methylguanine} {DNA} methyltransferase ({MGMT}) promoter methylated and unmethylated tumors: A radiographic study in 358 de novo human glioblastomas},
	url       = {https://doi.org/10.1016/j.neuroimage.2011.09.076},
	volume    = {59},
	year      = {2012}
}

@article{ellingson2013probabilistic,
	author    = {Ellingson, BM and Lai, A and Harris, RJ and Selfridge, JM and Yong, WH and Das, K and Pope, WB and Nghiemphu, PL and Vinters, HV and Liau, LM and Mischel, PS and Cloughesy, TF},
	doi       = {10.3174/ajnr.a3253},
	issn      = {0195-6108},
	issue     = {3},
	journal   = {American Journal of Neuroradiology},
	month     = {March},
	number    = {3},
	pages     = {533--540},
	publisher = {American Society of Neuroradiology ({ASNR})},
	title     = {Probabilistic Radiographic Atlas of Glioblastoma Phenotypes},
	url       = {https://doi.org/10.3174/ajnr.A3253},
	volume    = {34},
	year      = {2013}
}

@article{eoli2007methylation,
	author    = {Eoli, M and Menghi, F and Bruzzone, M G and Simone, T De and Valletta, L and Pollo, B and Bissola, L and Silvani, A and Bianchessi, D and D'Incerti, L and Filippini, G and Broggi, G and Boiardi, A and Finocchiaro, G},
	day       = {1},
	doi       = {10.1158/1078-0432.ccr-06-2184},
	issn      = {1078-0432},
	issue     = {9},
	journal   = {Clinical Cancer Research},
	month     = {May},
	number    = {9},
	pages     = {2606--2613},
	publisher = {American Association for Cancer Research ({AACR})},
	title     = {Methylation of {O6-Methylguanine} {DNA} Methyltransferase and Loss of Heterozygosity on 19q and/or 17p Are Overlapping Features of Secondary Glioblastomas with Prolonged Survival},
	url       = {https://doi.org/10.1158/1078-0432.CCR-06-2184},
	volume    = {13},
	year      = {2007}
}

@article{esteller2000inactivation,
	author    = {Esteller, Manel and Garcia-Foncillas, Jesus and Andion, Esther and Goodman, Steven N and Hidalgo, Oscar F and Vanaclocha, Vicente and Baylin, Stephen B and Herman, James G},
	day       = {9},
	doi       = {10.1056/nejm200011093431901},
	issn      = {0028-4793},
	issue     = {19},
	journal   = {New England Journal of Medicine},
	month     = {November},
	number    = {19},
	pages     = {1350--1354},
	publisher = {Massachusetts Medical Society},
	title     = {Inactivation of the {DNA}-Repair Gene {MGMT} and the Clinical Response of Gliomas to Alkylating Agents},
	url       = {https://doi.org/10.1056/NEJM200011093431901},
	volume    = {343},
	year      = {2000}
}

@article{fonov2009unbiased,
	author    = {Fonov, VS and Evans, AC and McKinstry, RC and Almli, CR and Collins, DL},
	doi       = {10.1016/s1053-8119(09)70884-5},
	issn      = {1053-8119},
	journal   = {{NeuroImage}},
	month     = {July},
	pages     = {S102},
	publisher = {Elsevier {BV}},
	title     = {Unbiased nonlinear average age-appropriate brain templates from birth to adulthood},
	url       = {https://doi.org/10.1016/S1053-8119(09)70884-5},
	volume    = {47},
	year      = {2009}
}

@article{fonov2011unbiased,
	author    = {Fonov, Vladimir and Evans, Alan C and Botteron, Kelly and Almli, C Robert and McKinstry, Robert C and Collins, D Louis},
	doi       = {10.1016/j.neuroimage.2010.07.033},
	issn      = {1053-8119},
	issue     = {1},
	journal   = {{NeuroImage}},
	month     = {January},
	number    = {1},
	pages     = {313--327},
	publisher = {Elsevier {BV}},
	title     = {Unbiased average age-appropriate atlases for pediatric studies},
	url       = {https://doi.org/10.1016/j.neuroimage.2010.07.033},
	volume    = {54},
	year      = {2011}
}

@article{gessler2018surgery,
	author    = {Gessler, Florian and Bernstock, Joshua D and Braczynski, Anne and Lescher, Stephanie and Baumgarten, Peter and Harter, Patrick N and Mittelbronn, Michel and Wu, Tianxia and Seifert, Volker and Senft, Christian},
	day       = {1},
	doi       = {10.1093/neuros/nyy049},
	issn      = {0148-396X},
	issue     = {1},
	journal   = {Neurosurgery},
	month     = {January},
	number    = {1},
	pages     = {190--197},
	publisher = {Oxford University Press ({OUP})},
	title     = {Surgery for Glioblastoma in Light of Molecular Markers: Impact of Resection and {MGMT} Promoter Methylation in Newly Diagnosed {IDH-1} Wild-Type Glioblastomas},
	url       = {https://doi.org/10.1093/neuros/nyy049},
	volume    = {84},
	year      = {2019}
}

@article{han2018structural,
	author    = {Han, Yu and Yan, Lin-Feng and Wang, Xi-Bin and Sun, Ying-Zhi and Zhang, Xin and Liu, Zhi-Cheng and Nan, Hai-Yan and Hu, Yu-Chuan and Yang, Yang and Zhang, Jin and Yu, Ying and Sun, Qian and Tian, Qiang and Hu, Bo and Xiao, Gang and Wang, Wen and Cui, Guang-Bin},
	day       = {21},
	doi       = {10.1186/s12885-018-4114-2},
	issn      = {1471-2407},
	issue     = {1},
	journal   = {{BMC} Cancer},
	month     = {December},
	number    = {1},
	pages     = {215},
	publisher = {Springer Science and Business Media {LLC}},
	title     = {Structural and advanced imaging in predicting {MGMT} promoter methylation of primary glioblastoma: a region of interest based analysis},
	url       = {https://doi.org/10.1186/s12885-018-4114-2},
	volume    = {18},
	year      = {2018}
}

@article{hegi2005MGMT,
	author    = {Hegi, Monika E and Diserens, Annie-Claire and Gorlia, Thierry and Hamou, Marie-France and de Tribolet, Nicolas and Weller, Michael and Kros, Johan M and Hainfellner, Johannes A and Mason, Warren and Mariani, Luigi and Bromberg, Jacoline EC and Hau, Peter and Mirimanoff, Ren{\'e} O and Cairncross, J Gregory and Janzer, Robert C and Stupp, Roger},
	day       = {10},
	doi       = {10.1056/nejmoa043331},
	issn      = {0028-4793},
	issue     = {10},
	journal   = {New England Journal of Medicine},
	month     = {March},
	number    = {10},
	pages     = {997--1003},
	publisher = {Massachusetts Medical Society},
	title     = {{MGMT} Gene Silencing and Benefit from Temozolomide in Glioblastoma},
	url       = {https://doi.org/10.1056/NEJMoa043331},
	volume    = {352},
	year      = {2005}
}

@article{kubben2010intraobserver,
	author    = {Kubben, Pieter L and Postma, Alida A and Kessels, Alfons G H and van Overbeeke, Jacobus J and van Santbrink, Henk},
	day       = {1},
	doi       = {10.1227/neu.0b013e3181efbb08},
	issn      = {0148-396X},
	issue     = {5},
	journal   = {Neurosurgery},
	month     = {November},
	number    = {5},
	pages     = {1329--1334},
	publisher = {Oxford University Press ({OUP})},
	title     = {Intraobserver and Interobserver Agreement in Volumetric Assessment of Glioblastoma Multiforme Resection},
	url       = {https://doi.org/10.1227/NEU.0b013e3181efbb08},
	volume    = {67},
	year      = {2010}
}

@article{lai2011evidence,
	author    = {Lai, Albert and Kharbanda, Samir and Pope, Whitney B and Tran, Anh and Solis, Orestes E and Peale, Franklin and Forrest, William F and Pujara, Kanan and Carrillo, Jose A and Pandita, Ajay and Ellingson, Benjamin M and Bowers, Chauncey W and Soriano, Robert H and Schmidt, Nils O and Mohan, Sankar and Yong, William H and Seshagiri, Somasekar and Modrusan, Zora and Jiang, Zhaoshi and Aldape, Kenneth D and Mischel, Paul S and Liau, Linda M and Escovedo, Cameron J and Chen, Weidong and Nghiemphu, Phioanh Leia and James, C David and Prados, Michael D and Westphal, Manfred and Lamszus, Katrin and Cloughesy, Timothy and Phillips, Heidi S},
	day       = {1},
	doi       = {10.1200/jco.2010.33.8715},
	issn      = {0732-183X},
	issue     = {34},
	journal   = {Journal of Clinical Oncology},
	month     = {December},
	number    = {34},
	pages     = {4482--4490},
	publisher = {American Society of Clinical Oncology ({ASCO})},
	title     = {Evidence for Sequenced Molecular Evolution of {IDH1} Mutant Glioblastoma From a Distinct Cell of Origin},
	url       = {https://doi.org/10.1200/JCO.2010.33.8715},
	volume    = {29},
	year      = {2011}
}

@article{louis20162016,
	author    = {Louis, David N and Perry, Arie and Reifenberger, Guido and von Deimling, Andreas and Figarella-Branger, Dominique and Cavenee, Webster K and Ohgaki, Hiroko and Wiestler, Otmar D and Kleihues, Paul and Ellison, David W},
	doi       = {10.1007/s00401-016-1545-1},
	issn      = {0001-6322},
	issue     = {6},
	journal   = {Acta Neuropathologica},
	month     = {June},
	number    = {6},
	pages     = {803--820},
	publisher = {Springer Science and Business Media {LLC}},
	title     = {The 2016 World Health Organization Classification of Tumors of the Central Nervous System: a summary},
	url       = {https://doi.org/10.1007/s00401-016-1545-1},
	volume    = {131},
	year      = {2016}
}

@inproceedings{marstal2016simpleelastix,
	author    = {Marstal, Kasper and Berendsen, Floris and Staring, Marius and Klein, Stefan},
	booktitle = {2016 {IEEE} Conference on Computer Vision and Pattern Recognition Workshops ({CVPRW})},
	doi       = {10.1109/cvprw.2016.78},
	isbn      = {9781509014378},
	issn      = {2160-7516},
	month     = {June},
	pages     = {574--582},
	publisher = {Institute of Electrical and Electronics Engineers ({IEEE})},
	title     = {{SimpleElastix}: A User-Friendly, Multi-lingual Library for Medical Image Registration},
	url       = {https://doi.org/10.1109/CVPRW.2016.78},
	volume    = {29},
	year      = {2016}
}

@article{roux2019mri,
	author    = {Roux, Alexandre and Roca, Pauline and Edjlali, Myriam and Sato, Kanako and Zanello, Marc and Dezamis, Edouard and Gori, Pietro and Lion, St{\'e}phanie and Fleury, Ariane and Dhermain, Fr{\'e}d{\'e}ric and Meder, Jean-Fran{\c c}ois and Chr{\'e}tien, Fabrice and Lechapt, Emmanu{\`e}le and Varlet, Pascale and Oppenheim, Catherine and Pallud, Johan},
	doi       = {10.1148/radiol.2019190491},
	issn      = {0033-8419},
	issue     = {3},
	journal   = {Radiology},
	month     = {December},
	number    = {3},
	pages     = {633--643},
	publisher = {Radiological Society of North America ({RSNA})},
	title     = {{MRI} Atlas of {IDH} Wild-Type Supratentorial Glioblastoma: Probabilistic Maps of Phenotype, Management, and Outcomes},
	url       = {https://doi.org/10.1148/radiol.2019190491},
	volume    = {293},
	year      = {2019}
}

@article{smith2009threshold,
	author    = {SMITH, S and NICHOLS, T},
	day       = {1},
	doi       = {10.1016/j.neuroimage.2008.03.061},
	issn      = {1053-8119},
	issue     = {1},
	journal   = {{NeuroImage}},
	month     = {January},
	number    = {1},
	pages     = {83--98},
	publisher = {Elsevier {BV}},
	title     = {Threshold-free cluster enhancement: Addressing problems of smoothing, threshold dependence and localisation in cluster inference},
	url       = {https://doi.org/10.1016/j.neuroimage.2008.03.061},
	volume    = {44},
	year      = {2009}
}

@article{smits2017imaging,
	author    = {Smits, Marion and van den Bent, Martin J},
	doi       = {10.1148/radiol.2017151930},
	issn      = {0033-8419},
	issue     = {2},
	journal   = {Radiology},
	month     = {August},
	number    = {2},
	pages     = {316--331},
	publisher = {Radiological Society of North America ({RSNA})},
	title     = {Imaging Correlates of Adult Glioma Genotypes},
	url       = {https://doi.org/10.1148/radiol.2017151930},
	volume    = {284},
	year      = {2017}
}

@article{stupp2005radiotherapy,
	author    = {Stupp, Roger and Mason, Warren P and van den Bent, Martin J and Weller, Michael and Fisher, Barbara and Taphoorn, Martin JB and Belanger, Karl and Brandes, Alba A and Marosi, Christine and Bogdahn, Ulrich and Curschmann, J{\"u}rgen and Janzer, Robert C and Ludwin, Samuel K and Gorlia, Thierry and Allgeier, Anouk and Lacombe, Denis and Cairncross, J Gregory and Eisenhauer, Elizabeth and Mirimanoff, Ren{\'e} O},
	day       = {10},
	doi       = {10.1056/nejmoa043330},
	issn      = {0028-4793},
	issue     = {10},
	journal   = {New England Journal of Medicine},
	month     = {March},
	number    = {10},
	pages     = {987--996},
	publisher = {Massachusetts Medical Society},
	title     = {Radiotherapy plus Concomitant and Adjuvant Temozolomide for Glioblastoma},
	url       = {https://doi.org/10.1056/NEJMoa043330},
	volume    = {352},
	year      = {2005}
}

@article{vandenbent2013interlaboratory,
	author    = {van den Bent, Martin J and Hartmann, C and Preusser, Matthias and Str{\"o}bel, Thomas and Dubbink, Hendrikus J and Kros, Johan M and von Deimling, Andreas and Boisselier, Blandine and Sanson, Marc and Halling, Kevin C and Diefes, Kristin L and Aldape, Kenneth and Giannini, Caterina},
	day       = {01},
	doi       = {10.1007/s11060-013-1056-z},
	issn      = {0167-594X},
	issue     = {2},
	journal   = {Journal of Neuro-Oncology},
	month     = {April},
	number    = {2},
	pages     = {173--178},
	publisher = {Springer Science and Business Media {LLC}},
	title     = {Interlaboratory comparison of {IDH} mutation detection},
	url       = {https://doi.org/10.1007/s11060-013-1056-z},
	volume    = {112},
	year      = {2013}
}

@article{wang2014anatomical,
	author    = {Wang, Yinyan and Fan, Xing and Zhang, Chuanbao and Zhang, Tan and Peng, Xiaoxia and Li, Shaowu and Wang, Lei and Ma, Jun and Jiang, Tao},
	day       = {01},
	doi       = {10.1007/s11060-014-1555-6},
	issn      = {0167-594X},
	issue     = {2},
	journal   = {Journal of Neuro-Oncology},
	month     = {November},
	number    = {2},
	pages     = {331--337},
	publisher = {Springer Science and Business Media {LLC}},
	title     = {Anatomical specificity of {O6-methylguanine} {DNA} methyltransferase protein expression in glioblastomas},
	url       = {https://doi.org/10.1007/s11060-014-1555-6},
	volume    = {120},
	year      = {2014}
}

@article{wick2014mgmt,
	author    = {Wick, Wolfgang and Weller, Michael and van den Bent, Martin and Sanson, Marc and Weiler, Markus and von Deimling, Andreas and Plass, Christoph and Hegi, Monika and Platten, Michael and Reifenberger, Guido},
	day       = {01},
	doi       = {10.1038/nrneurol.2014.100},
	issn      = {1759-4758},
	issue     = {7},
	journal   = {Nature Reviews Neurology},
	month     = {July},
	number    = {7},
	pages     = {372--385},
	publisher = {Springer Science and Business Media {LLC}},
	title     = {{MGMT} testing{\textemdash} the challenges for biomarker-based glioma treatment},
	url       = {https://doi.org/10.1038/nrneurol.2014.100},
	volume    = {10},
	year      = {2014}
}

@article{winkler2014permutation,
	author    = {Winkler, Anderson M and Ridgway, Gerard R and Webster, Matthew A and Smith, Stephen M and Nichols, Thomas E},
	doi       = {10.1016/j.neuroimage.2014.01.060},
	issn      = {1053-8119},
	journal   = {{NeuroImage}},
	month     = {May},
	pages     = {381--397},
	publisher = {Elsevier {BV}},
	title     = {Permutation inference for the general linear model},
	url       = {https://doi.org/10.1016/j.neuroimage.2014.01.060},
	volume    = {92},
	year      = {2014}
}

@article{chaichana2011factors,
	title        = {Factors involved in maintaining prolonged functional independence following supratentorial glioblastoma resection},
	author       = {Kaisorn L. Chaichana and Aditya N. Halthore and Scott L. Parker and Alessandro Olivi and Jon D. Weingart and Henry Brem and Alfredo Quinones-Hinojosa},
	year         = 2011,
	journal      = {Journal of Neurosurgery JNS},
	publisher    = {American Association of Neurological Surgeons},
	volume       = 114,
	number       = 3,
	url          = {https://thejns.org/view/journals/j-neurosurg/114/3/article-p604.xml},
	pages:       = {604--612}
}

