@article{damadian1971tumor,
    title        = {Tumor Detection by Nuclear Magnetic Resonance},
    author       = {Damadian, Raymond},
    year         = 1971,
    journal      = {Science},
    publisher    = {American Association for the Advancement of Science},
    volume       = 171,
    number       = 3976,
    pages        = {1151--1153},
    doi          = {10.1126/science.171.3976.1151},
    issn         = {0036-8075},
    url          = {https://science.sciencemag.org/content/171/3976/1151},
}

@article{hawkes1980NMRbrain,
    title        = {Nuclear Magnetic Resonance (NMR) Tomography of the Brain: A Preliminary Clinical Assessment with Demonstration of Pathology},
    author       = {Hawkes, R. C. and Holland, G. N. and Moore, W. S. and Worthington, B. S.},
    year         = 1980,
    journal      = {Journal of Computer Assisted Tomography},
    volume       = 4,
    number       = 5,
    issn         = {0363-8715},
    url          = {https://journals.lww.com/jcat/Fulltext/1980/10000/Nuclear_Magnetic_Resonance__NMR__Tomography_of_the.1.aspx},
}

@article{holland1980brain,
    title        = {Nuclear Magnetic Resonance Tomography of the Brain},
    author       = {Holland, G. N. and Moore, W. S. and Hawkes, R. C.},
    year         = 1980,
    journal      = {Journal of Computer Assisted Tomography},
    volume       = 4,
    number       = 1,
    issn         = {0363-8715},
}

@article{leece2017indicence,
    title        = {{Global incidence of malignant brain and other central nervous system tumors by histology, 2003–2007}},
    author       = {Leece, Rebecca and Xu, Jordan and Ostrom, Quinn T and Chen, Yanwen and Kruchko, Carol and Barnholtz-Sloan, Jill S},
    year         = 2017,
    month        = {05},
    journal      = {Neuro-Oncology},
    volume       = 19,
    number       = 11,
    pages        = {1553--1564},
    doi          = {10.1093/neuonc/nox091},
    issn         = {1522-8517},
}

@article{hess2004gliomaincidence,
    title        = {Adult glioma incidence trends in the United States, 1977–2000},
    author       = {Hess, Kenneth R. and Broglio, Kristine R. and Bondy, Melissa L.},
    year         = 2004,
    journal      = {Cancer},
    volume       = 101,
    number       = 10,
    pages        = {2293--2299},
    doi          = {10.1002/cncr.20621},
}

