
@article{van2017diffuse,
	title        = {Diffuse Infiltrating Oligodendroglioma and Astrocytoma},
	author       = {van den Bent, Martin J and Smits, Marion and Kros, Johan M and Chang, Susan M},
	year         = 2017,
	month        = jul,
	journal      = {Journal of Clinical Oncology},
	volume       = 35,
	number       = 21,
	pages        = {2394--2401},
	doi          = {10.1200/JCO.2017.72.6737},
	url          = {https://doi.org/10.1200/JCO.2017.72.6737}
}
@article{cairncross2014benefit,
	title        = {Benefit from procarbazine, lomustine, and vincristine in oligodendroglial tumors is associated with mutation of {IDH}},
	author       = {Cairncross, J Gregory and Wang, Meihua and Jenkins, Robert B and Shaw, Edward G and Giannini, Caterina and Brachman, David G and Buckner, Jan C and Fink, Karen L and Souhami, Luis and Laperriere, Normand J and Huse, Jason T and Mehta, Minesh P and Curran, Walter J Jr},
	year         = 2014,
	month        = mar,
	day          = 10,
	journal      = {Journal of clinical oncology},
	publisher    = {American Society of Clinical Oncology},
	volume       = 32,
	number       = 8,
	pages        = {783--790},
	doi          = {10.1200/JCO.2013.49.3726},
	issn         = {1527-7755},
	url          = {https://www.ncbi.nlm.nih.gov/pubmed/24516018}
}


@article{clark2019extent,
	title        = {Extent of Resection Versus Molecular Classification: What Matters When?},
	author       = {Clark, Victoria E and Cahill, Daniel P},
	year         = 2019,
	month        = jan,
	day          = 1,
	journal      = {Neurosurgery Clinics},
	publisher    = {Elsevier},
	volume       = 30,
	number       = 1,
	pages        = {95--101},
	doi          = {10.1016/j.nec.2018.08.006},
	issn         = {1042-3680},
	url          = {https://doi.org/10.1016/j.nec.2018.08.006}
}

@article{gevaert2014glioblastoma,
	title        = {Glioblastoma Multiforme: Exploratory Radiogenomic Analysis by Using Quantitative Image Features},
	author       = {Gevaert, Olivier and Mitchell, Lex A and Achrol, Achal S and Xu, Jiajing and Echegaray, Sebastian and Steinberg, Gary K and Cheshier, Samuel H and Napel, Sandy and Zaharchuk, Greg and Plevritis, Sylvia K},
	year         = 2014,
	month        = oct,
	journal      = {Radiology},
	volume       = 273,
	number       = 1,
	pages        = {168--174},
	doi          = {10.1148/radiol.14131731},
	url          = {https://doi.org/10.1148/radiol.14131731}
}
@article{gutman2013mr,
	title        = {{MR} Imaging Predictors of Molecular Profile and Survival: Multi-institutional Study of the {TCGA} Glioblastoma Data Set},
	author       = {Gutman, David A and Cooper, Lee AD and Hwang, Scott N and Holder, Chad A and Gao, JingJing and Aurora, Tarun D and Dunn, William D and Scarpace, Lisa and Mikkelsen, Tom and Jain, Rajan and Wintermark, Max and Jilwan, Manal and Raghavan, Prashant and Huang, Erich and Clifford, Robert J and Mongkolwat, Pattanasak and Kleper, Vladimir and Freymann, John and Kirby, Justin and Zinn, Pascal O and Moreno, Carlos S and Jaffe, Carl and Colen, Rivka and Rubin, Daniel L and Saltz, Joel and Flanders, Adam and Brat, Daniel J},
	year         = 2013,
	month        = may,
	journal      = {Radiology},
	volume       = 267,
	number       = 2,
	pages        = {560--569},
	doi          = {10.1148/radiol.13120118},
	url          = {https://doi.org/10.1148/radiol.13120118}
}
@article{akkus2017predicting,
	title        = {Predicting Deletion of Chromosomal Arms 1p/19q in Low-Grade Gliomas from {MR} Images Using Machine Intelligence},
	author       = {Akkus, Zeynettin and Ali, Issa and Sedl{\'a}{\v{r}}, Ji{\v{r}}{\'i} and Agrawal, Jay P and Parney, Ian F and Giannini, Caterina and Erickson, Bradley J},
	year         = 2017,
	month        = aug,
	day          = 1,
	journal      = {Journal of Digital Imaging},
	volume       = 30,
	number       = 4,
	pages        = {469--476},
	doi          = {10.1007/s10278-017-9984-3},
	issn         = {1618-727X},
	url          = {https://doi.org/10.1007/s10278-017-9984-3}
}
@article{li2017deep,
	title        = {Deep Learning based Radiomics ({DLR}) and its usage in noninvasive {IDH1} prediction for low grade glioma},
	author       = {Li, Zeju and Wang, Yuanyuan and Yu, Jinhua and Guo, Yi and Cao, Wei},
	year         = 2017,
	month        = mar,
	journal      = {Scientific Reports},
	volume       = 7,
	number       = 1,
	pages        = {5467:1--5467:11},
	doi          = {10.1038/s41598-017-05848-2},
	issn         = {2045-2322},
	url          = {https://doi.org/10.1038/s41598-017-05848-2}
}
@article{chang2018deep,
	title        = {Deep-Learning Convolutional Neural Networks Accurately Classify Genetic Mutations in Gliomas},
	author       = {Chang, Peter and Grinband, Jack and Weinberg, Brent D and Bardis, Michelle and Khy, Melissa and Cadena, Gilbert and Su, Min-Ying and Cha, Soonmee and Filippi, Christopher G and Bota, Daniela and Baldi, Pierre and Poisson, Laila and Jain, Rajan and Chow, Daniel},
	year         = 2018,
	month        = jul,
	journal      = {American Journal of Neuroradiology},
	publisher    = {American Journal of Neuroradiology},
	volume       = 39,
	number       = 7,
	pages        = {1201--1207},
	doi          = {10.3174/ajnr.A5667},
	issn         = {0195-6108},
	url          = {http://www.ajnr.org/content/39/7/1201}
}
@article{han2018non,
	title        = {Non-invasive genotype prediction of chromosome 1p/19q co-deletion by development and validation of an {MRI}-based radiomics signature in lower-grade gliomas},
	author       = {Han, Yuqi and Xie, Zhen and Zang, Yali and Zhang, Shuaitong and Gu, Dongsheng and Zhou, Mu and Gevaert, Olivier and Wei, Jingwei and Li, Chao and Chen, Hongyan and Du, Jiang and Liu, Zhenyu and Dong, Di and Tian, Jie and Zhou, Dabiao},
	year         = 2018,
	month        = nov,
	day          = 1,
	journal      = {Journal of Neuro-Oncology},
	volume       = 140,
	number       = 2,
	pages        = {297--306},
	doi          = {10.1007/s11060-018-2953-y},
	issn         = {1573-7373},
	url          = {https://doi.org/10.1007/s11060-018-2953-y}
}
@article{lu2018machine,
	title        = {Machine Learning{\textendash}Based Radiomics for Molecular Subtyping of Gliomas},
	author       = {Lu, Chia-Feng and Hsu, Fei-Ting and Hsieh, Kevin Li-Chun and Kao, Yu-Chieh Jill and Cheng, Sho-Jen and Hsu, Justin Bo-Kai and Tsai, Ping-Huei and Chen, Ray-Jade and Huang, Chao-Ching and Yen, Yun and Chen, Cheng-Yu},
	year         = 2018,
	month        = sep,
	journal      = {Clinical Cancer Research},
	publisher    = {American Association for Cancer Research},
	volume       = 24,
	number       = 18,
	pages        = {4429--4436},
	doi          = {10.1158/1078-0432.CCR-17-3445},
	issn         = {1078-0432},
	url          = {https://clincancerres.aacrjournals.org/content/24/18/4429}
}
@article{zhou2019machine,
	title        = {Machine learning reveals multimodal {MRI} patterns predictive of isocitrate dehydrogenase and 1p/19q status in diffuse low- and high-grade gliomas},
	author       = {Zhou, Hao and Chang, Ken and Bai, Harrison X and Xiao, Bo and Su, Chang and Bi, Wenya Linda and Zhang, Paul J and Senders, Joeky T and Valli{\`e}res, Martin and Kavouridis, Vasileios K and Boaro, Alessandro and Arnaout, Omar and Yang, Li and Huang, Raymond Y},
	year         = 2019,
	month        = apr,
	journal      = {Journal of Neuro-Oncology},
	volume       = 142,
	number       = 2,
	pages        = {299--307},
	doi          = {10.1007/s11060-019-03096-0},
	issn         = {1573-7373},
	url          = {https://doi.org/10.1007/s11060-019-03096-0}
}
@article{dubbink2016diagnostic,
	title        = {Diagnostic Detection of Allelic Losses and Imbalances by Next-Generation Sequencing: 1p/19q Co-Deletion Analysis of Gliomas},
	author       = {Dubbink, Hendrikus J and Atmodimedjo, Peggy N and van Marion, Ronald and Krol, Niels MG and Riegman, Peter HJ  and Kros, Johan M and van den Bent, Martin J and Dinjens, Winand NM},
	year         = 2016,
	month        = sep,
	journal      = {The Journal of Molecular Diagnostics},
	volume       = 18,
	number       = 5,
	pages        = {775--786},
	doi          = {https://doi.org/10.1016/j.jmoldx.2016.06.002},
	issn         = {1525-1578},
	url          = {http://www.sciencedirect.com/science/article/pii/S1525157816300903}
}
@article{riemenschneider2010molecular,
	title        = {Molecular diagnostics of gliomas: state of the art},
	author       = {Riemenschneider, Markus J and Jeuken, Judith WM and Wesseling, Pieter and Reifenberger, Guido},
	year         = 2010,
	month        = nov,
	journal      = {Acta Neuropathologica},
	volume       = 120,
	number       = 5,
	pages        = {567--584},
	doi          = {10.1007/s00401-010-0736-4},
	issn         = {1432-0533},
	url          = {https://doi.org/10.1007/s00401-010-0736-4}
}
@article{bienkowski2018molecular,
	author    = {Bie{\'n}kowski, Micha{\l} and W{\"o}hrer, Adelheid and Moser, Patrizia and Kitzw{\"o}gerer, Melitta and Ricken, Gerda and Str{\"o}bel, Thomas and Hainfellner, Johannes A},
	doi       = {10.5414/NP301110},
	issn      = {0722-5091},
	journal   = {Clinical Neuropathology},
	month     = {July},
	number    = {4},
	pages     = {166--177},
	publisher = {Dustri-Verlgag Dr. Karl Feistle},
	title     = {Molecular diagnostic testing of diffuse gliomas in the real-life setting: A practical approach},
	url       = {https://doi.org/10.5414/NP301110},
	volume    = {37},
	year      = {2018}
}
@article{pallud2009prognostic,
	title        = {Prognostic significance of imaging contrast enhancement for {WHO} grade {II} gliomas},
	author       = {Pallud, Johan and Capelle, Laurent and Taillandier, Luc and Fontaine, Denys and Mandonnet, Emmanuel and Guillevin, R\'{e}my and Bauchet, Luc and Peruzzi, Philippe and Laigle-Donadey, Florence and Kujas, Mich\`{e}le and Guyotat, Jacques and Baron, Marie-H\'{e}l\`{e}ne and Mokhtari, Karima and Duffau, Hugues},
	year         = 2009,
	month        = apr,
	journal      = {Neuro-Oncology},
	volume       = 11,
	number       = 2,
	pages        = {176--182},
	doi          = {10.1215/15228517-2008-066},
	issn         = {1522-8517},
	url          = {https://doi.org/10.1215/15228517-2008-066}
}


@article{smith2002fast,
	title        = {Fast robust automated brain extraction},
	author       = {Smith, Stephen M},
	year         = 2002,
	month        = nov,
	journal      = {Human Brain Mapping},
	volume       = 17,
	number       = 3,
	pages        = {143--155},
	doi          = {10.1002/hbm.10062},
	url          = {https://onlinelibrary.wiley.com/doi/abs/10.1002/hbm.10062}
}

@article{clark2013cancer,
	title        = {{The} {Cancer} {Imaging} {Archive} ({TCIA}): Maintaining and Operating a Public Information Repository},
	author       = {Clark, Kenneth and Vendt, Bruce and Smith, Kirk and Freymann, John and Kirby, Justin and Koppel, Paul and Moore, Stephen and Phillips, Stanley and Maffitt, David and Pringle, Michael and Tarbox, Lawrence and Prior, Fred},
	year         = 2013,
	month        = dec,
	day          = 1,
	journal      = {Journal of Digital Imaging},
	volume       = 26,
	number       = 6,
	pages        = {1045--1057},
	doi          = {10.1007/s10278-013-9622-7},
	issn         = {1618-727X},
	url          = {https://doi.org/10.1007/s10278-013-9622-7}
}

@misc{bradley2017radiology,
	title        = {Data From {LGG-1p19qDeletion}},
	author       = {Erickson, B and Akkus, Z and Sedlar, J and Korfiatis, P},
	year         = 2017,
	doi          = {10.7937/K9/TCIA.2017.dwehtz9v}
}

@article{sudret2008global,
	title        = {Global sensitivity analysis using polynomial chaos expansions},
	author       = {Sudret, Bruno},
	year         = 2008,
	month        = jul,
	journal      = {Reliability Engineering \& System Safety},
	volume       = 93,
	number       = 7,
	pages        = {964--979},
	doi          = {https://doi.org/10.1016/j.ress.2007.04.002},
	issn         = {0951-8320},
	url          = {http://www.sciencedirect.com/science/article/pii/S0951832007001329}
}

@article{perko2016fast,
	title        = {Fast and accurate sensitivity analysis of {IMPT} treatment plans using Polynomial Chaos Expansion},
	author       = {Perk{\'{o}}, Zolt{\'{a}}n and van der Voort, Sebastian R and van de Water, Steven and Hartman, Charlotte MH and Hoogeman, Mischa and Lathouwers, Danny},
	year         = 2016,
	month        = jun,
	journal      = {Physics in Medicine and Biology},
	publisher    = {{IOP} Publishing},
	volume       = 61,
	number       = 12,
	pages        = {4646--4664},
	doi          = {10.1088/0031-9155/61/12/4646},
	url          = {https://doi.org/10.1088\%2F0031-9155\%2F61\%2F12\%2F4646}
}

@article{van2016robustness,
	title        = {Robustness Recipes for Minimax Robust Optimization in Intensity Modulated Proton Therapy for Oropharyngeal Cancer Patients},
	author       = {van der Voort, Sebastian and van de Water, Steven and Perk\'{o}, Zolt\'{a}n and Heijmen, Ben and Lathouwers, Danny and Hoogeman, Mischa},
	year         = 2016,
	month        = may,
	journal      = {International Journal of Radiation Oncology{\textasteriskcentered}Biology{\textasteriskcentered}Physics},
	volume       = 95,
	number       = 1,
	pages        = {163--170},
	doi          = {https://doi.org/10.1016/j.ijrobp.2016.02.035},
	issn         = {0360-3016},
	url          = {http://www.sciencedirect.com/science/article/pii/S0360301616001553}
}
@article{ren2019noninvasive,
	title        = {Noninvasive Prediction of {IDH1} Mutation and {ATRX} Expression Loss in Low-Grade Gliomas Using Multiparametric {MR} Radiomic Features},
	author       = {Ren, Yan and Zhang, Xi and Rui, Wenting and Pang, Haopeng and Qiu, Tianming and Wang, Jing and Xie, Qian and Jin, Teng and Zhang, Hua and Chen, Hong and Zhang, Yong and Lu, Hongbing and Yao, Zhenwei and Zhang, Junhai and Feng, Xiaoyuan},
	year         = 2019,
	month        = mar,
	journal      = {Journal of Magnetic Resonance Imaging},
	volume       = 49,
	number       = 3,
	pages        = {808--817},
	doi          = {10.1002/jmri.26240},
	url          = {https://onlinelibrary.wiley.com/doi/abs/10.1002/jmri.26240}
}
@article{yu2017noninvasive,
	title        = {Noninvasive {IDH1} mutation estimation based on a quantitative radiomics approach for grade {II} glioma},
	author       = {Yu, Jinhua and Shi, Zhifeng and Lian, Yuxi and Li, Zeju and Liu, Tongtong and Gao, Yuan and Wang, Yuanyuan and Chen, Liang and Mao, Ying},
	year         = 2017,
	month        = aug,
	journal      = {European Radiology},
	volume       = 27,
	number       = 8,
	pages        = {3509--3522},
	doi          = {10.1007/s00330-016-4653-3},
	issn         = {1432-1084},
	url          = {https://doi.org/10.1007/s00330-016-4653-3}
}
@article{park2018prediction,
	title        = {Prediction of {IDH1}-Mutation and 1p/19q-Codeletion Status Using Preoperative {MR} Imaging Phenotypes in Lower Grade Gliomas},
	author       = {Park, Yae W and Han, Kyunghwa and Ahn, Sung S and Bae, Soh and Choi, Yoon S and Chang, Jong H and Kim, Se H and Kang, Seok-Gu and Lee, Seung-Koo},
	year         = 2018,
	month        = jan,
	journal      = {American Journal of Neuroradiology},
	volume       = 39,
	number       = 1,
	pages        = {37--42},
	doi          = {10.3174/ajnr.A5421},
	issn         = {0195-6108},
	url          = {http://www.ajnr.org/content/39/1/37}
}
@article{shofty2018mri,
	title        = {{MRI} radiomics analysis of molecular alterations in low-grade gliomas},
	author       = {Shofty, Ben and Artzi, Moran and Ben~Bashat, Dafna and Liberman, Gilad and Haim, Oz and Kashanian, Alon and Bokstein, Felix and Blumenthal, Deborah T and Ram, Zvi and Shahar, Tal},
	year         = 2018,
	month        = apr,
	journal      = {International Journal of Computer Assisted Radiology and Surgery},
	volume       = 13,
	number       = 4,
	pages        = {563--571},
	doi          = {10.1007/s11548-017-1691-5},
	issn         = {1861-6429},
	url          = {https://doi.org/10.1007/s11548-017-1691-5}
}
@article{jakola2017surgical,
	title        = {Surgical resection versus watchful waiting in low-grade gliomas},
	author       = {Jakola, Asgeir S and Skjulsvik, Anne J and Myrmel, Kristin S. and Sj{\aa}vik, Kristin and Unsg{\aa}rd, Geirmund and Torp, Sverre H and Aaberg, Kristin and Berg, T and Dai, HY and Johnsen, K and Kloster, Roar and Solheim, Ole},
	year         = 2017,
	month        = 5,
	journal      = {Annals of Oncology},
	volume       = 28,
	number       = 8,
	pages        = {1942--1948},
	doi          = {10.1093/annonc/mdx230},
	issn         = {0923-7534},
	url          = {https://doi.org/10.1093/annonc/mdx230}
}
@article{jiang2017biopsy,
	title        = {Biopsy versus resection for the management of low-grade gliomas},
	author       = {Jiang, Bowen and Chaichana, Kaisorn and Veeravagu, Anand and Chang, Steven D and Black, Keith L and Patil, Chirag G},
	year         = 2017,
	month        = apr,
	journal      = {Cochrane Database of Systematic Reviews},
	publisher    = {John Wiley \& Sons, Ltd},
	number       = 4,
	doi          = {10.1002/14651858.CD009319.pub3},
	issn         = {1465-1858},
	url          = {https://doi.org//10.1002/14651858.CD009319.pub3}
}
@article{ricard2007dynamic,
	title        = {Dynamic history of low-grade gliomas before and after temozolomide treatment},
	author       = {Ricard, Damien and Kaloshi, Gentian and Amiel-Benouaich, Alexandra and Lejeune, Julie and Marie, Yannick and Mandonnet, Emmanuel and Kujas, Mich\`{e}le and Mokhtari, Karima and Taillibert, Sophie and Laigle-Donadey, Florence and Carpentier, Antoine F and Omuro, Antonio and Capelle, Laurent and Duffau, Hugues and Cornu, Philippe and Guillevin, R\'{e}my and Sanson, Marc and Hoang-Xuan, Kh\^{e} and Delattre, Jean-Yves},
	year         = 2007,
	month        = may,
	journal      = {Annals of Neurology},
	volume       = 61,
	number       = 5,
	pages        = {484--490},
	doi          = {10.1002/ana.21125},
	url          = {https://onlinelibrary.wiley.com/doi/abs/10.1002/ana.21125}
}


@article{xu2012comprehensive,
	title        = {A Comprehensive Descriptor of Shape: Method and Application to Content-Based Retrieval of Similar Appearing Lesions in Medical Images},
	author       = {Xu, Jiajing and Faruque, Jessica and Beaulieu, Christopher F. and Rubin, Daniel and Napel, Sandy},
	year         = 2012,
	journal      = {Journal of Digital Imaging},
	volume       = 25,
	number       = 1,
	pages        = {121--128},
	doi          = {10.1007/s10278-011-9388-8},
	issn         = {1618-727X},
	url          = {https://doi.org/10.1007/s10278-011-9388-8}
}

@article{chawla2002smote,
  title={SMOTE: synthetic minority over-sampling technique},
  author={Chawla, Nitesh V and Bowyer, Kevin W and Hall, Lawrence O and Kegelmeyer, W Philip},
  journal={Journal of artificial intelligence research},
  volume={16},
  pages={321--357},
  year={2002},
  doi = {https://doi.org/10.1613/jair.953}
}


@article{pedregosa2011scikit,
  title={Scikit-learn: Machine learning in Python},
  author={Pedregosa, Fabian and Varoquaux, Ga{\"e}l and Gramfort, Alexandre and Michel, Vincent and Thirion, Bertrand and Grisel, Olivier and Blondel, Mathieu and Prettenhofer, Peter and Weiss, Ron and Dubourg, Vincent and others},
  journal={Journal of machine learning research},
  volume={12},
  number={Oct},
  pages={2825--2830},
  year={2011}
}
