@article{louis2014international,
  title   = {{International} {Society} of {Neuropathology} - {Haarlem} Consensus Guidelines for Nervous System Tumor Classification and Grading},
  author  = {Louis, David N and Perry, Arie and Burger, Peter and Ellison, David W and Reifenberger, Guido and von Deimling, Andreas and Aldape, Kenneth and Brat, Daniel and Collins, V Peter and Eberhart, Charles and Figarella-Branger, Dominique and Fuller, Gregory N and Giangaspero, Felice and Giannini, Caterina and Hawkins, Cynthia and Kleihues, Paul and Korshunov, Andrey and Kros, Johan M and Lopes, M. Beatriz and Ng, Ho-Keung and Ohgaki, Hiroko and Paulus, Werner and Pietsch, Torsten and Rosenblum, Marc and Rushing, Elisabeth and Soylemezoglu, Figen and Wiestler, Otmar and Wesseling, Pieter},
  date    = {2014-09},
  journal = {Brain Pathology},
  volume  = 24,
  number  = 5,
  pages   = {429--435},
  doi     = {10.1111/bpa.12171},
}

@article{pignatti2002prognostic,
  title   = {Prognostic Factors for Survival in Adult Patients With Cerebral Low-Grade Glioma},
  author  = {Pignatti, Francesco and van den Bent, Martin and Curran, Desmond and Debruyne, Channa and Sylvester, Richard and Therasse, Patrick and \'{A}fra, Denes and Cornu, Philippe and Bolla, Michel and Vecht, Charles and Karim, Abul BMF},
  date    = {2002-04},
  journal = {Journal of Clinical Oncology},
  volume  = 20,
  number  = 8,
  pages   = {2076--2084},
  doi     = {10.1200/JCO.2002.08.121},
}

@article{jakola2012low,
  title     = {Low Grade Gliomas in Eloquent Locations -- Implications for Surgical Strategy, Survival and Long Term Quality of Life},
  author    = {Jakola, Asgeir S and Unsg{\aa}rd, Geirmund and Myrmel, Kristin S and Kloster, Roar and Torp, Sverre H and Lindal, Sigurd and Solheim, Ole},
  date      = {2012-12},
  journal   = {{PLoS} {ONE}},
  volume    = 7,
  number    = 12,
  eid     = {e51450},
  doi       = {10.1371/journal.pone.0051450},
}

@article{capelle2013spontaneous,
  title     = {Spontaneous and therapeutic prognostic factors in adult hemispheric {World} {Health} {Organization} Grade {II} gliomas: a series of 1097 cases},
  author    = {Capelle, Laurent and Fontaine, Denys and Mandonnet, Emmanuel and Taillandier, Luc and Golmard, Jean Louis and Bauchet, Luc and Pallud, Johan and Peruzzi, Philippe and Baron, Marie H{\'e}l{\`e}ne and Kujas, Mich{\`e}le and Guyotat, Jacques and Guillevin, Remi and Frenay, Marc and Taillibert, Sophie and Colin, Philippe and Rigau, Val{\'e}rie and Vandenbos, Fanny and Pinelli, Catherine and Duffau {for the French R{\'e}seau d'{\'E}tude des Gliomes (REG)}, Hugues},
  date      = {2013-06},
  journal   = {Journal of Neurosurgery},
  volume    = 118,
  number    = 6,
  pages     = {1157--1168},
  doi       = {10.3171/2013.1.JNS121},
}

@article{chang2008preoperative,
  title     = {Preoperative prognostic classification system for hemispheric low-grade gliomas in adults},
  author    = {Chang, Edward F and Smith, Justin S and Chang, Susan M and Lamborn, Kathleen R and Prados, Michael D and Butowski, Nicholas and Barbaro, Nicholas M and Parsa, Andrew T and Berger, Mitchel S and Mcdermott, Michael M},
  date      = {2008-11},
  journal   = {Journal of Neurosurgery},
  volume    = 109,
  number    = 5,
  pages     = {817--824},
  doi       = {10.3171/JNS/2008/109/11/0817},
}

@article{stockhammer2012idh1,
  title   = {{IDH}1/2 mutations in {WHO} grade {II} astrocytomas associated with localization and seizure as the initial symptom},
  author  = {Stockhammer, Florian and Misch, Martin and Helms, Hans-Joachim and Lengler, Ulrike and Prall, Friedrich and von Deimling, Andreas and Hartmann, Christian},
  date    = {2012-04},
  journal = {Seizure},
  volume  = 21,
  number  = 3,
  pages   = {194--197},
  doi     = {10.1016/j.seizure.2011.12.007},
  issn    = {1059-1311},
}

@article{goze2009lack,
  title   = {Lack of complete 1p19q deletion in a consecutive series of 12 {WHO} grade {II} gliomas involving the insula: a marker of worse prognosis?},
  author  = {Goz\'{e}, Catherine and Rigau, Val\'{e}rie and Gibert, L and Maudelonde, Thierry and Duffau, Hugues},
  date    = {2009-01},
  journal = {Journal of Neuro-Oncology},
  volume  = 91,
  eid     = 1,
  doi     = {10.1007/s11060-008-9680-8},
  issn    = {1573-7373},
}

@article{laigle2004correlations,
  title     = {Correlations between molecular profile and radiologic pattern in oligodendroglial tumors},
  author    = {Laigle-Donadey, F and Martin-Duverneuil, N and Lejeune, J and Crini{\`e}re, E and Capelle, L and Duffau, H and Cornu, P and Bro{\"e}t, P and Kujas, M and Mokhtari, K and Carpentier, A and Sanson, M and Hoang-Xuan, K and Thillet, J and Delattre, JY},
  date      = {2004-12},
  journal   = {Neurology},
  volume    = 63,
  number    = 12,
  pages     = {2360--2362},
  doi       = {10.1212/01.WNL.0000148642.26985.68},
  issn      = {0028-3878},
}

@article{metellus2010absence,
  title   = {Absence of {IDH} mutation identifies a novel radiologic and molecular subtype of {WHO} grade {II} gliomas with dismal prognosis},
  author  = {Metellus, Philippe and Coulibaly, Bema and Colin, Carole and de Paula, Andre Maues and Vasiljevic, Alexandre and Taieb, David and Barlier, Anne and Boisselier, Blandine and Mokhtari, Karima and Wang, Xiao Wei and Loundou, Anderson and Chapon, Frederique and Pineau, Sandrine and Ouafik, L{\textquotesingle}Houcine and Chinot, Olivier and Figarella-Branger, Dominique},
  date    = {2010-12-16},
  journal = {Acta Neuropathologica},
  volume  = 120,
  number  = 6,
  pages   = {719--729},
  doi     = {10.1007/s00401-010-0777-8},
  issn    = {1432-0533},
}


@article{wijnenga2017impact,
  title   = {The impact of surgery in molecularly defined low-grade glioma: an integrated clinical, radiological, and molecular analysis},
  author  = {Wijnenga, Maarten M J and French, Pim J and Dubbink, Hendrikus J and Dinjens, Winand N M and Atmodimedjo, Peggy N and Kros, Johan M and Smits, Marion and Gahrmann, Renske and Rutten, Geert-Jan and Verheul, Jeroen B and Fleischeuer, Ruth and Dirven, Clemens M F and Vincent, Arnaud J P E and van den Bent, Martin J},
  date    = {2018-01},
  journal = {Neuro-Oncology},
  volume  = 20,
  number  = 1,
  pages   = {103--112},
  doi     = {10.1093/neuonc/nox176},
  issn    = {1522-8517}
}

@article{tejada2018voxel,
  title   = {Voxel-wise radiogenomic mapping of tumor location with key molecular alterations in patients with glioma},
  author  = {Tejada Neyra, Miguel Angel and Neuberger, Ulf and Reinhardt, Annekathrin and Brugnara, Gianluca and Bonekamp, David and Sill, Martin and Wick, Antje and Jones, David TW and Radbruch, Alexander and Unterberg, Andreas and Debus, J\"{u}rgen and Heiland, Sabine and Schlemmer, Heinz-Peter and Herold-Mende, Christel and Pfister, Stefan and von Deimling, Andreas and Wick, Wolfgang and Capper, David and Bendszus, Martin and Kickingereder, Philipp},
  date    = {2018-11},
  journal = {Neuro-Oncology},
  volume  = 20,
  number  = 11,
  pages   = {1517--1524},
  doi     = {10.1093/neuonc/noy134},
  issn    = {1522-8517},
}


@article{larjavaara2007incidence,
  title   = {Incidence of gliomas by anatomic location},
  author  = {Larjavaara, Suvi and M{\"a}ntyl{\"a}, Riitta and Salminen, Tiina and Haapasalo, Hannu and Raitanen, Jani and J{\"a}{\"a}skel{\"a}inen, Juha and Auvinen, Anssi},
  date    = {2007-07},
  journal = {Neuro-Oncology},
  volume  = 9,
  number  = 3,
  pages   = {319--325},
  doi     = {10.1215/15228517-2007-016},
  issn    = {1522-8517},
}

@article{fonov2011unbiased,
  title     = {Unbiased average age-appropriate atlases for pediatric studies},
  author    = {Fonov, Vladimir and Evans, Alan C and Botteron, Kelly and Almli, C Robert and McKinstry, Robert C and Collins, D Louis},
  date      = {2011-01},
  journal   = {{NeuroImage}},
  volume    = 54,
  number    = 1,
  pages     = {313--327},
  doi       = {10.1016/j.neuroimage.2010.07.033},
  issn      = {1053-8119},
}

@article{fonov2009unbiased,
  title   = {Unbiased nonlinear average age-appropriate brain templates from birth to adulthood},
  author  = {Fonov, V S and Evans, A C and McKinstry, R C and Almli, C R and Collins, D L},
  date    = {2009-07},
  journal = {{NeuroImage}},
  volume  = 47,
  number  = {Supplement 1},
  pages   = {S102},
  doi     = {10.1016/S1053-8119(09)70884-5},
  issn    = {1053-8119},
}

@article{klein2009adaptive,
  title   = {Adaptive Stochastic Gradient Descent Optimisation for Image Registration},
  author  = {Klein, Stefan and Pluim, Josien P W and Staring, Marius and Viergever, Max A},
  date    = {2009-03},
  journal = {International Journal of Computer Vision},
  volume  = 81,
  number  = 3,
  pages   = {227--239},
  doi     = {10.1007/s11263-008-0168-y},
  issn    = {1573-1405},
}

@inproceedings{marstal2016simpleelastix,
  title     = {{SimpleElastix}: A User-Friendly, Multi-lingual Library for Medical Image Registration},
  author    = {Marstal, Kasper and Berendsen, Floris and Staring, Marius and Klein, Stefan},
  date      = {2016-06},
  booktitle = {2016 {IEEE} Conference on Computer Vision and Pattern Recognition Workshops ({CVPRW})},
  publisher = {Institute of Electrical and Electronics Engineers ({IEEE})},
  pages     = {574--582},
  doi       = {10.1109/cvprw.2016.78},
  isbn      = {9781509014378},
  issn      = {2160-7516},
}

@article{wijnenga2018prognostic,
  title   = {Prognostic relevance of mutations and copy number alterations assessed with targeted next generation sequencing in {IDH} mutant grade {II} glioma},
  author  = {Wijnenga, Maarten M J and French, Pim J and Dubbink, Hendrikus J and Dinjens, Winand N M and Atmodimedjo, Peggy N and Kros, Johan M and Fleischeuer, Ruth and Dirven, Clemens M F and Vincent, Arnaud J P E and van den Bent, Martin J},
  date    = {2018-09},
  journal = {Journal of Neuro-Oncology},
  volume  = 139,
  number  = 2,
  pages   = {349--357},
  doi     = {10.1007/s11060-018-2867-8},
  issn    = {1573-7373},
}

@article{smith2009threshold,
  title     = {Threshold-free cluster enhancement: Addressing problems of smoothing, threshold dependence and localisation in cluster inference},
  author    = {Smith, Stephen S and Nichols, Thomas E},
  date      = {2009-01},
  journal   = {{NeuroImage}},
  volume    = 44,
  number    = 1,
  pages     = {83--98},
  doi       = {10.1016/j.neuroimage.2008.03.061},
  issn      = {1053-8119},
}



@article{winkler2014permutation,
  title   = {Permutation inference for the general linear model},
  author  = {Winkler, Anderson M and Ridgway, Gerard R and Webster, Matthew A and Smith, Stephen M and Nichols, Thomas E},
  date    = {2014-05},
  journal = {{NeuroImage}},
  volume  = 92,
  pages   = {381--397},
  doi     = {10.1016/j.neuroimage.2014.01.060},
  issn    = {1053-8119},
}

@article{sanai2005neural,
  title   = {Neural Stem Cells and the Origin of Gliomas},
  author  = {Sanai, Nader and Alvarez-Buylla, Arturo and Berger, Mitchel S},
  date    = {2005-08},
  journal = {New England Journal of Medicine},
  volume  = 353,
  number  = 8,
  pages   = {811--822},
  doi     = {10.1056/NEJMra043666},
}




@article{chen2017mutant,
  title     = {Mutant {IDH1} and seizures in patients with glioma},
  author    = {Chen, Hao and Judkins, Jonathon and Thomas, Cheddhi and Wu, Meijing and Khoury, Laith and Benjamin, Carolina G and Pacione, Donato and Golfinos, John G and Kumthekar, Priya and Ghamsari, Farhad and Chen, Li and Lein, Pamela and Chetkovich, Dane M and Snuderl, Matija and Horbinski, Craig},
  date      = {2017-05},
  journal   = {Neurology},
  volume    = 88,
  number    = 19,
  pages     = {1805--1813},
  doi       = {10.1212/WNL.0000000000003911},
  issn      = {0028-3878},
}

















