@book{office2019cancer,
  author    = {{Office for National Statistics}},
  publisher = {Dandy Booksellers Limited},
  title     = {CANCER SURVIVAL IN {England}: Adult, Stage at Diagnosis and Childhood-Patients Followed Up... to 2018},
  date      = {2019}
}

@article{jackson2001biopsylimitations,
  title     = {Limitations of stereotactic biopsy in the initial management of gliomas},
  author    = {Jackson, Robert J and Fuller, Gregory N and Abi-Said, Dima and Lang, Frederick F and Gokaslan, Ziya L and Shi, Wei Ming and Wildrick, David M and Sawaya, Raymond},
  date      = {2001-07},
  journal   = {Neuro-Oncology},
  volume    = 3,
  number    = 3,
  pages     = {193--200},
  doi       = {10.1093/neuonc/3.3.193},
  issn      = {1522-8517},
}

@article{zhou2018radiomicsbrain,
  title     = {Radiomics in Brain Tumor: Image Assessment, Quantitative Feature Descriptors, and Machine-Learning Approaches},
  author    = {Zhou, M and Scott, J and Chaudhury, B and Hall, L and Goldgof, D and Yeom, K W and Iv, M and Ou, Y and Kalpathy-Cramer, J and Napel, S and Gillies, R and Gevaert, O and Gatenby, R},
  date      = {2018-02},
  journal   = {American Journal of Neuroradiology},
  volume    = 39,
  number    = 2,
  pages     = {208--216},
  doi       = {10.3174/ajnr.A5391},
  issn      = {0195-6108},
}

@article{bi2019AIcancer,
  title     = {Artificial intelligence in cancer imaging: Clinical challenges and applications},
  author    = {Bi, Wenya Linda and Hosny, Ahmed and Schabath, Matthew B and Giger, Maryellen L and Birkbak, Nicolai J and Mehrtash, Alireza and Allison, Tavis and Arnaout, Omar and Abbosh, Christopher and Dunn, Ian F and Mak, Raymond H and Tamimi, Rulla M and Tempany, Clare M and Swanton, Charles and Hoffmann, Udo and Schwartz, Lawrence H and Gillies, Robert J and Huang, Raymond Y and Aerts, Hugo J W L},
  date      = {2019-03},
  journal   = {{CA}: A Cancer Journal for Clinicians},
  volume    = 69,
  number    = 2,
  pages     = {127--157},
  doi       = {10.3322/caac.21552},
  issn      = {0007-9235},
}


@article{chaddad2019radiomicsglioblastoma,
  title     = {Radiomics in Glioblastoma: Current Status and Challenges Facing Clinical Implementation},
  author    = {Chaddad, Ahmad and Kucharczyk, Michael Jonathan and Daniel, Paul and Sabri, Siham and Jean-Claude, Bertrand J and Niazi, Tamim and Abdulkarim, Bassam},
  date      = {2019-05},
  journal   = {Frontiers in Oncology},
  volume    = 9,
  eid       = {374},
  doi       = {10.3389/fonc.2019.00374},
  issn      = {2234-943X},
}

@article{delfanti2017imagingcorrelates,
  title     = {Imaging correlates for the 2016 update on {WHO} classification of grade {II/III} gliomas: implications for {IDH}, 1p/19q and {ATRX} status},
  author    = {Delfanti, Rachel L and Piccioni, David E and Handwerker, Jason and Bahrami, Naeim and Krishnan, AnithaPriya and Karunamuni, Roshan and Hattangadi-Gluth, Jona A and Seibert, Tyler M and Srikant, Ashwin and Jones, Karra A and Snyder, Vivian S and Dale, Anders M and White, Nathan S and McDonald, Carrie R and Farid, Nikdokht},
  date      = {2017-12},
  journal   = {Journal of Neuro-Oncology},
  volume    = 135,
  number    = 3,
  pages     = {601--609},
  doi       = {10.1007/s11060-017-2613-7},
  issn      = {0167-594X},
}

@article{gore2020review,
  title     = {A Review of Radiomics and Deep Predictive Modeling in Glioma Characterization},
  author    = {Gore, Sonal and Chougule, Tanay and Jagtap, Jayant and Saini, Jitender and Ingalhalikar, Madhura},
  date      = {2020-06},
  journal   = {Academic Radiology},
  doi       = {10.1016/j.acra.2020.06.016},
}

@inproceedings{chichate2020review,
  title     = {A review of recent progress in deep learning-based methods for {MRI} brain tumor segmentation},
  author    = {Chihati, Sarah and Gaceb, Djamel},
  booktitle = {2020 11th International Conference on Information and Communication Systems ({ICICS})},
  date      = {2020-04},
  pages     = {149--154},
  publisher = {Institute of Electrical and Electronics Engineers ({IEEE})},
  doi       = {10.1109/icics49469.2020.239550},
  isbn      = {9781728162270},
}


@article{thrall2018AIradiology,
  title     = {Artificial Intelligence and Machine Learning in Radiology: Opportunities, Challenges, Pitfalls, and Criteria for Success},
  author    = {Thrall, James H and Li, Xiang and Li, Quanzheng and Cruz, Cinthia and Do, Synho and Dreyer, Keith and Brink, James},
  date      = {2018-03},
  journal   = {Journal of the American College of Radiology},
  volume    = 15,
  number    = {3, part B},
  pages     = {504--508},
  doi       = {10.1016/j.jacr.2017.12.026},
  issn      = {1546-1440},
}

@article{hosny2018AI,
  title     = {Artificial intelligence in radiology},
  author    = {Hosny, Ahmed and Parmar, Chintan and Quackenbush, John and Schwartz, Lawrence H and Aerts, Hugo J W L},
  date      = {2018-08},
  journal   = {Nature Reviews Cancer},
  volume    = 18,
  number    = 8,
  pages     = {500--510},
  doi       = {10.1038/s41568-018-0016-5},
  issn      = {1474-175X},
}

@inproceedings{kopuklu2019cnn,
  title     = {Resource Efficient {3D} Convolutional Neural Networks},
  author    = {Kopuklu, Okan and Kose, Neslihan and Gunduz, Ahmet and Rigoll, Gerhard},
  booktitle = {2019 {IEEE/CVF} International Conference on Computer Vision Workshop ({ICCVW})},
  date      = {2019-10},
  publisher = {Institute of Electrical and Electronics Engineers ({IEEE})},
  pages     = {1910--1919},
  doi       = {10.1109/iccvw.2019.00240},
  isbn      = {9781728150239},
}


@article{fresychlag2018imaging,
  title     = {Imaging practice in low-grade gliomas among European specialized centers and proposal for a minimum core of imaging},
  author    = {Freyschlag, Christian F and Krieg, Sandro M and Kerschbaumer, Johannes and Pinggera, Daniel and Forster, Marie-Therese and Cordier, Dominik and Rossi, Marco and Miceli, Gabriele and Roux, Alexandre and Reyes, Andr{\'e}s and Sarubbo, Silvio and Smits, Anja and Sierpowska, Joanna and Robe, Pierre A and Rutten, Geert-Jan and Santarius, Thomas and Matys, Tomasz and Zanello, Marc and Almairac, Fabien and Mondot, Lydiane and Jakola, Asgeir S and Zetterling, Maria and Rofes, Adri{\`a} and von Campe, Gord and Guillevin, Remy and Bagatto, Daniele and Lubrano, Vincent and Rapp, Marion and Goodden, John and De Witt Hamer, Philip C  and Pallud, Johan and Bello, Lorenzo and Thom{\'e}, Claudius and Duffau, Hugues and Mandonnet, Emmanuel},
  date      = {2018-09},
  journal   = {Journal of Neuro-Oncology},
  volume    = 139,
  number    = 3,
  pages     = {699--711},
  doi       = {10.1007/s11060-018-2916-3},
  issn      = {0167-594X},
}


@article{thust2018gliomaimaging,
  title     = {Glioma imaging in {Europe}: A survey of 220 centres and recommendations for best clinical practice},
  author    = {Thust, S C and Heiland, S and Falini, A and J{\"a}ger, H R and Waldman, A D and Sundgren, P C and Godi, C and Katsaros, V K and Ramos, A and Bargallo, N and Vernooij, M W and Yousry, T and Bendszus, M and Smits, M},
  date      = {2018-08},
  journal   = {European Radiology},
  volume    = 28,
  number    = 8,
  pages     = {3306--3317},
  doi       = {10.1007/s00330-018-5314-5},
  issn      = {0938-7994},
}

@inproceedings{tang2020multi,
  title        = {Pre-operative Overall Survival Time Prediction for Glioblastoma Patients Using Deep Learning on Both Imaging Phenotype and Genotype},
  author       = {Tang, Zhenyu and Xu, Yuyun and Jiao, Zhicheng and Lu, Junfeng and Jin, Lei and Aibaidula, Abudumijiti and Wu, Jinsong and Wang, Qian and Zhang, Han and Shen, Dinggang},
  booktitle    = {Medical Image Computing and Computer Assisted Intervention -- {MICCAI} 2019},
  editor       = {Shen, Dinggang and Liu, Tianming and Peters, Terry M and Staib, Lawrence H and Essert, Caroline and Zhou, Sean and Yap, Pew-Thian and Khan, Ali},
  date         = {2019-10},
  pages        = {415--422},
  publisher    = {Springer, Cham.},
  doi          = {10.1007/978-3-030-32239-7_46},
  isbn         = {9783030322380},
  issn         = {0302-9743},
}

@inproceedings{xue2020radiomicsmulti,
  title        = {Radiomics-Enhanced Multi-task Neural Network for Non-invasive Glioma Subtyping and Segmentation},
  author       = {Xue, Zhiyuan and Xin, Bowen and Wang, Dingqian and Wang, Xiuying},
  booktitle    = {{RNO-AI} 2019: Radiomics and Radiogenomics in Neuro-oncology},
  editor       = {Mohy-ud-Din, Hassan and Rathore, Saima},
  date         = {2020-02},
  pages        = {81--90},
  publisher    = {Springer, Cham.},
  doi          = {10.1007/978-3-030-40124-5_9},
  isbn         = {9783030401238},
  issn         = {0302-9743},
}


@article{decuyper2020automated,
  title    = {Automated {MRI} based pipeline for segmentation and prediction of grade, {IDH} mutation and 1p19q co-deletion in glioma},
  author   = {Decuyper, Milan and Bonte, Stijn and Deblaere, Karel and Van Holen, Roel},
  date     = {2021-03},
  journal  = {Computerized Medical Imaging and Graphics},
  volume   = 88,
  eid    = {101831},
  doi      = {10.1016/j.compmedimag.2020.101831},
  issn     = {0895-6111},
}

@article{rizzo2018radiomics,
  title     = {Radiomics: the facts and the challenges of image analysis},
  author    = {Rizzo, Stefania and Botta, Francesca and Raimondi, Sara and Origgi, Daniela and Fanciullo, Cristiana and Morganti, Alessio Giuseppe and Bellomi, Massimo},
  date      = {2018-11},
  journal   = {European Radiology Experimental},
  volume    = 2,
  eid       = 36,
  doi       = {10.1186/s41747-018-0068-z},
  issn      = {2509-9280},
}

@article{lohmann2020radiomics,
  title     = {Radiomics in neuro-oncology: Basics, workflow, and applications},
  author    = {Lohmann, Philipp and Galldiks, Norbert and Kocher, Martin and Heinzel, Alexander and Filss, Christian P and Stegmayr, Carina and Mottaghy, Felix M and Fink, Gereon R and Shah, N Jon and Langen, Karl-Josef},
  date      = {2020-06},
  journal   = {Methods},
  doi       = {10.1016/j.ymeth.2020.06.003},
  issn      = {1046-2023},
}

@article{malstrom2019MGMT,
  title   = {Do we really know who has an {MGMT} methylated glioma? Results of an international survey regarding use of MGMT analyses for glioma},
  author  = {Malmstr\"{o}m, Annika and \L{}ysiak, Ma\l{}gorzata and Kristensen, Bjarne Winther and Hovey, Elizabeth and Henriksson, Roger and S\"{o}derkvist, Peter},
  date    = {2020-01},
  journal = {Neuro-Oncology Practice},
  volume  = 7,
  number  = 1,
  pages   = {68--76},
  doi     = {10.1093/nop/npz039},
  issn    = {2054-2577}
}

@article{sasaki2019mgmt,
  title     = {Radiomics and {MGMT} promoter methylation for prognostication of newly diagnosed glioblastoma},
  author    = {Sasaki, Takahiro and Kinoshita, Manabu and Fujita, Koji and Fukai, Junya and Hayashi, Nobuhide and Uematsu, Yuji and Okita, Yoshiko and Nonaka, Masahiro and Moriuchi, Shusuke and Uda, Takehiro and Tsuyuguchi, Naohiro and Arita, Hideyuki and Mori, Kanji and Ishibashi, Kenichi and Takano, Koji and Nishida, Namiko and Shofuda, Tomoko and Yoshioka, Ema and Kanematsu, Daisuke and Kodama, Yoshinori and Mano, Masayuki and Nakao, Naoyuki and Kanemura, Yonehiro},
  date      = {2019-12},
  journal   = {Scientific Reports},
  volume    = 9,
  number    = 1,
  eid       = 14435,
  doi       = {10.1038/s41598-019-50849-y},
  issn      = {2045-2322},
}


@article{gupta2013dwimgmt,
  title     = {Diffusion-Weighted {MR} Imaging and {MGMT} Methylation Status in Glioblastoma: A Reappraisal of the Role of Preoperative Quantitative {ADC} Measurements},
  author    = {Gupta, A and Prager, A and Young, R J and Shi, W and Omuro, A M P and Graber, J J},
  date      = {2013-01},
  journal   = {American Journal of Neuroradiology},
  volume    = 34,
  number    = 1,
  pages     = {E10--E11},
  doi       = {10.3174/ajnr.A3467},
  issn      = {0195-6108},
}

@article{carrillo2012mgmt,
  title     = {Relationship between Tumor Enhancement, Edema, {IDH1} Mutational Status, {MGMT} Promoter Methylation, and Survival in Glioblastoma},
  author    = {Carrillo, J A and Lai, A and Nghiemphu, P L and Kim, H J and Phillips, H S and Kharbanda, S and Moftakhar, P and Lalaezari, S and Yong, W and Ellingson, B M and Cloughesy, T F and Pope, W B},
  date      = {2012-08},
  journal   = {American Journal of Neuroradiology},
  volume    = 33,
  number    = 7,
  pages     = {1349--1355},
  doi       = {10.3174/ajnr.A2950},
  issn      = {0195-6108},
}

@article{mikkelsen2020MGMT,
  title     = {{MGMT} Promoter Methylation Status Is Not Related to Histological or Radiological Features in {IDH} Wild-type Glioblastomas},
  author    = {Mikkelsen, Vilde Elisabeth and Dai, Hong Yan and Stensj{\o}en, Anne Line and Berntsen, Erik Magnus and Salvesen, {\O}yvind and Solheim, Ole and Torp, Sverre Helge},
  date      = {2020-08},
  journal   = {Journal of Neuropathology {\&} Experimental Neurology},
  volume    = 79,
  number    = 8,
  pages     = {855--862},
  doi       = {10.1093/jnen/nlaa060},
  issn      = {0022-3069},
}

@article{park2020radiomicspwi,
  title     = {Radiomics prognostication model in glioblastoma using diffusion- and perfusion-weighted {MRI}},
  author    = {Park, Ji Eun and Kim, Ho Sung and Jo, Youngheun and Yoo, Roh-Eul and Choi, Seung Hong and Nam, Soo Jung and Kim, Jeong Hoon},
  date      = {2020-12},
  journal   = {Scientific Reports},
  volume    = 10,
  number    = 1,
  eid       = {4250},
  doi       = {10.1038/s41598-020-61178-w},
  issn      = {2045-2322},
}


@article{kim2020diffusion,
  title     = {Diffusion- and perfusion-weighted {MRI} radiomics model may predict isocitrate dehydrogenase ({IDH}) mutation and tumor aggressiveness in diffuse lower grade glioma},
  author    = {Kim, Minjae and Jung, So Yeong and Park, Ji Eun and Jo, Yeongheun and Park, Seo Young and Nam, Soo Jung and Kim, Jeong Hoon and Kim, Ho Sung},
  date      = {2020-04},
  journal   = {European Radiology},
  volume    = 30,
  number    = 4,
  pages     = {2142--2151},
  doi       = {10.1007/s00330-019-06548-3},
  issn      = {0938-7994},
}

@article{visser2019segmentation,
  title     = {Inter-rater agreement in glioma segmentations on longitudinal {MRI}},
  author    = {Visser, M and M{\"u}ller, D M J and van Duijn, R J M and Smits, M and Verburg, N and Hendriks, E J and Nabuurs, R J A and Bot, J C J and Eijgelaar, R S and Witte, M and van Herk, M B and Barkhof, F and de WittHamer, P C and de Munck, J C},
  date      = {2019},
  journal   = {{NeuroImage}: Clinical},
  volume    = 22,
  eid       = {101727},
  doi       = {10.1016/j.nicl.2019.101727},
  issn      = {2213-1582},
}

@article{puchalski2018ivygap,
  title     = {An anatomic transcriptional atlas of human glioblastoma},
  author    = {Puchalski, Ralph B and Shah, Nameeta and Miller, Jeremy and Dalley, Rachel and Nomura, Steve R and Yoon, Jae-Guen and Smith, Kimberly A and Lankerovich, Michael and Bertagnolli, Darren and Bickley, Kris and Boe, Andrew F and Brouner, Krissy and Butler, Stephanie and Caldejon, Shiella and Chapin, Mike and Datta, Suvro and Dee, Nick and Desta, Tsega and Dolbeare, Tim and Dotson, Nadezhda and Ebbert, Amanda and Feng, David and Feng, Xu and Fisher, Michael and Gee, Garrett and Goldy, Jeff and Gourley, Lindsey and Gregor, Benjamin W and Gu, Guangyu and Hejazinia, Nika and Hohmann, John and Hothi, Parvinder and Howard, Robert and Joines, Kevin and Kriedberg, Ali and Kuan, Leonard and Lau, Chris and Lee, Felix and Lee, Hwahyung and Lemon, Tracy and Long, Fuhui and Mastan, Naveed and Mott, Erika and Murthy, Chantal and Ngo, Kiet and Olson, Eric and Reding, Melissa and Riley, Zack and Rosen, David and Sandman, David and Shapovalova, Nadiya and Slaughterbeck, Clifford R and Sodt, Andrew and Stockdale, Graham and Szafer, Aaron and Wakeman, Wayne and Wohnoutka, Paul E and White, Steven J and Marsh, Don and Rostomily, Robert C and Ng, Lydia and Dang, Chinh and Jones, Allan and Keogh, Bart and Gittleman, Haley R and Barnholtz-Sloan, Jill S and Cimino, Patrick J and Uppin, Megha S and Keene, C Dirk and Farrokhi, Farrokh R and Lathia, Justin D and Berens, Michael E and Iavarone, Antonio and Bernard, Amy and Lein, Ed and Phillips, John W and Rostad, Steven W and Cobbs, Charles and Hawrylycz, Michael J and Foltz, Greg D},
  date      = {2018-05},
  journal   = {Science},
  volume    = 360,
  number    = 6389,
  pages     = {660--663},
  doi       = {10.1126/science.aaf2666},
  issn      = {0036-8075},
}

@article{menze2015brats,
  title   = {The Multimodal Brain Tumor Image Segmentation Benchmark ({BRATS})},
  author  = {{Menze}, B. H. and {Jakab}, A. and {Bauer}, S. and {Kalpathy-Cramer}, J. and {Farahani}, K. and {Kirby}, J. and {Burren}, Y. and {Porz}, N. and {Slotboom}, J. and {Wiest}, R. and {Lanczi}, L. and {Gerstner}, E. and {Weber}, M. and {Arbel}, T. and {Avants}, B. B. and {Ayache}, N. and {Buendia}, P. and {Collins}, D. L. and {Cordier}, N. and {Corso}, J. J. and {Criminisi}, A. and {Das}, T. and {Delingette}, H. and {Demiralp}, Ç. and {Durst}, C. R. and {Dojat}, M. and {Doyle}, S. and {Festa}, J. and {Forbes}, F. and {Geremia}, E. and {Glocker}, B. and {Golland}, P. and {Guo}, X. and {Hamamci}, A. and {Iftekharuddin}, K. M. and {Jena}, R. and {John}, N. M. and {Konukoglu}, E. and {Lashkari}, D. and {Mariz}, J. A. and {Meier}, R. and {Pereira}, S. and {Precup}, D. and {Price}, S. J. and {Raviv}, T. R. and {Reza}, S. M. S. and {Ryan}, M. and {Sarikaya}, D. and {Schwartz}, L. and {Shin}, H. and {Shotton}, J. and {Silva}, C. A. and {Sousa}, N. and {Subbanna}, N. K. and {Szekely}, G. and {Taylor}, T. J. and {Thomas}, O. M. and {Tustison}, N. J. and {Unal}, G. and {Vasseur}, F. and {Wintermark}, M. and {Ye}, D. H. and {Zhao}, L. and {Zhao}, B. and {Zikic}, D. and {Prastawa}, M. and {Reyes}, M. and {Van Leemput}, K.},
  date    = {2015-10},
  journal = {{IEEE} Transactions on Medical Imaging},
  volume  = 34,
  number  = 10,
  pages   = {1993--2024},
  doi     = {10.1109/TMI.2014.2377694}
}

@article{bakas2017brats,
  title     = {Advancing {The} {Cancer} {Genome} {Atlas} glioma {MRI} collections with expert segmentation labels and radiomic features},
  author    = {Bakas, Spyridon and Akbari, Hamed and Sotiras, Aristeidis and Bilello, Michel and Rozycki, Martin and Kirby, Justin S and Freymann, John B and Farahani, Keyvan and Davatzikos, Christos},
  date      = {2017-12},
  journal   = {Scientific Data},
  volume    = 4,
  number    = 1,
  eid     = {170117},
  doi       = {10.1038/sdata.2017.117},
  issn      = {2052-4463},
}

@unpublished{bakas2018brats,
  title         = {Identifying the Best Machine Learning Algorithms for Brain Tumor Segmentation, Progression Assessment, and Overall Survival Prediction in the {BRATS} Challenge},
  author        = {Bakas, Spyridon and Reyes, Mauricio and Jakab, Andras and Bauer, Stefan and Rempfler, Markus and Crimi, Alessandro and Shinohara, Russell Takeshi and Berger, Christoph and Ha, Sung Min and Rozycki, Martin and Prastawa, Marcel and Alberts, Esther and Lipkova, Jana and Freymann, John and Kirby, Justin and Bilello, Michel and Fathallah-Shaykh, Hassan and Wiest, Roland and Kirschke, Jan and Wiestler, Benedikt and Colen, Rivka and Kotrotsou, Aikaterini and Lamontagne, Pamela and Marcus, Daniel and Milchenko, Mikhail and Nazeri, Arash and Weber, Marc-Andre and Mahajan, Abhishek and Baid, Ujjwal and Gerstner, Elizabeth and Kwon, Dongjin and Acharya, Gagan and Agarwal, Manu and Alam, Mahbubul and Albiol, Alberto and Albiol, Antonio and Albiol, Francisco J. and Alex, Varghese and Allinson, Nigel and Amorim, Pedro H. A. and Amrutkar, Abhijit and Anand, Ganesh and Andermatt, Simon and Arbel, Tal and Arbelaez, Pablo and Avery, Aaron and Azmat, Muneeza and B., Pranjal and Bai, W and Banerjee, Subhashis and Barth, Bill and Batchelder, Thomas and Batmanghelich, Kayhan and Battistella, Enzo and Beers, Andrew and Belyaev, Mikhail and Bendszus, Martin and Benson, Eze and Bernal, Jose and Bharath, Halandur Nagaraja and Biros, George and Bisdas, Sotirios and Brown, James and Cabezas, Mariano and Cao, Shilei and Cardoso, Jorge M. and Carver, Eric N and Casamitjana, Adrià and Castillo, Laura Silvana and Catà, Marcel and Cattin, Philippe and Cerigues, Albert and Chagas, Vinicius S. and Chandra, Siddhartha and Chang, Yi-Ju and Chang, Shiyu and Chang, Ken and Chazalon, Joseph and Chen, Shengcong and Chen, Wei and Chen, Jefferson W and Chen, Zhaolin and Cheng, Kun and Choudhury, Ahana Roy and Chylla, Roger and Clérigues, Albert and Colleman, Steven and Colmeiro, Ramiro German Rodriguez and Combalia, Marc and Costa, Anthony and Cui, Xiaomeng and Dai, Zhenzhen and Dai, Lutao and Daza, Laura Alexandra and Deutsch, Eric and Ding, Changxing and Dong, Chao and Dong, Shidu and Dudzik, Wojciech and Eaton-Rosen, Zach and Egan, Gary and Escudero, Guilherme and Estienne, Théo and Everson, Richard and Fabrizio, Jonathan and Fan, Yong and Fang, Longwei and Feng, Xue and Ferrante, Enzo and Fidon, Lucas and Fischer, Martin and French, Andrew P. and Fridman, Naomi and Fu, Huan and Fuentes, David and Gao, Yaozong and Gates, Evan and Gering, David and Gholami, Amir and Gierke, Willi and Glocker, Ben and Gong, Mingming and González-Villá, Sandra and Grosges, T. and Guan, Yuanfang and Guo, Sheng and Gupta, Sudeep and Han, Woo-Sup and Han, Il Song and Harmuth, Konstantin and He, Huiguang and Hernández-Sabaté, Aura and Herrmann, Evelyn and Himthani, Naveen and Hsu, Winston and Hsu, Cheyu and Hu, Xiaojun and Hu, Xiaobin and Hu, Yan and Hu, Yifan and Hua, Rui and Huang, Teng-Yi and Huang, Weilin and Huffel, Sabine Van and Huo, Quan and HV, Vivek and Iftekharuddin, Khan M. and Isensee, Fabian and Islam, Mobarakol and Jackson, Aaron S. and Jambawalikar, Sachin R. and Jesson, Andrew and Jian, Weijian and Jin, Peter and Jose, V Jeya Maria and Jungo, Alain and Kainz, B and Kamnitsas, Konstantinos and Kao, Po-Yu and Karnawat, Ayush and Kellermeier, Thomas and Kermi, Adel and Keutzer, Kurt and Khadir, Mohamed Tarek and Khened, Mahendra and Kickingereder, Philipp and Kim, Geena and King, Nik and Knapp, Haley and Knecht, Urspeter and Kohli, Lisa and Kong, Deren and Kong, Xiangmao and Koppers, Simon and Kori, Avinash and Krishnamurthi, Ganapathy and Krivov, Egor and Kumar, Piyush and Kushibar, Kaisar and Lachinov, Dmitrii and Lambrou, Tryphon and Lee, Joon and Lee, Chengen and Lee, Yuehchou and Lee, M and Lefkovits, Szidonia and Lefkovits, Laszlo and Levitt, James and Li, Tengfei and Li, Hongwei and Li, Wenqi and Li, Hongyang and Li, Xiaochuan and Li, Yuexiang and Li, Heng and Li, Zhenye and Li, Xiaoyu and Li, Zeju and Li, XiaoGang and Li, Wenqi and Lin, Zheng-Shen and Lin, Fengming and Lio, Pietro and Liu, Chang and Liu, Boqiang and Liu, Xiang and Liu, Mingyuan and Liu, Ju and Liu, Luyan and Llado, Xavier and Lopez, Marc Moreno and Lorenzo, Pablo Ribalta and Lu, Zhentai and Luo, Lin and Luo, Zhigang and Ma, Jun and Ma, Kai and Mackie, Thomas and Madabushi, Anant and Mahmoudi, Issam and Maier-Hein, Klaus H. and Maji, Pradipta and Mammen, CP and Mang, Andreas and Manjunath, B. S. and Marcinkiewicz, Michal and McDonagh, S and McKenna, Stephen and McKinley, Richard and Mehl, Miriam and Mehta, Sachin and Mehta, Raghav and Meier, Raphael and Meinel, Christoph and Merhof, Dorit and Meyer, Craig and Miller, Robert and Mitra, Sushmita and Moiyadi, Aliasgar and Molina-Garcia, David and Monteiro, Miguel A. B. and Mrukwa, Grzegorz and Myronenko, Andriy and Nalepa, Jakub and Ngo, Thuyen and Nie, Dong and Ning, Holly and Niu, Chen and Nuechterlein, Nicholas K and Oermann, Eric and Oliveira, Arlindo and Oliveira, Diego D. C. and Oliver, Arnau and Osman, Alexander F. I. and Ou, Yu-Nian and Ourselin, Sebastien and Paragios, Nikos and Park, Moo Sung and Paschke, Brad and Pauloski, J. Gregory and Pawar, Kamlesh and Pawlowski, Nick and Pei, Linmin and Peng, Suting and Pereira, Silvio M. and Perez-Beteta, Julian and Perez-Garcia, Victor M. and Pezold, Simon and Pham, Bao and Phophalia, Ashish and Piella, Gemma and Pillai, G. N. and Piraud, Marie and Pisov, Maxim and Popli, Anmol and Pound, Michael P. and Pourreza, Reza and Prasanna, Prateek and Prkovska, Vesna and Pridmore, Tony P. and Puch, Santi and Puybareau, Élodie and Qian, Buyue and Qiao, Xu and Rajchl, Martin and Rane, Swapnil and Rebsamen, Michael and Ren, Hongliang and Ren, Xuhua and Revanuru, Karthik and Rezaei, Mina and Rippel, Oliver and Rivera, Luis Carlos and Robert, Charlotte and Rosen, Bruce and Rueckert, Daniel and Safwan, Mohammed and Salem, Mostafa and Salvi, Joaquim and Sanchez, Irina and Sánchez, Irina and Santos, Heitor M. and Sartor, Emmett and Schellingerhout, Dawid and Scheufele, Klaudius and Scott, Matthew R. and Scussel, Artur A. and Sedlar, Sara and Serrano-Rubio, Juan Pablo and Shah, N. Jon and Shah, Nameetha and Shaikh, Mazhar and Shankar, B. Uma and Shboul, Zeina and Shen, Haipeng and Shen, Dinggang and Shen, Linlin and Shen, Haocheng and Shenoy, Varun and Shi, Feng and Shin, Hyung Eun and Shu, Hai and Sima, Diana and Sinclair, M and Smedby, Orjan and Snyder, James M. and Soltaninejad, Mohammadreza and Song, Guidong and Soni, Mehul and Stawiaski, Jean and Subramanian, Shashank and Sun, Li and Sun, Roger and Sun, Jiawei and Sun, Kay and Sun, Yu and Sun, Guoxia and Sun, Shuang and Suter, Yannick R and Szilagyi, Laszlo and Talbar, Sanjay and Tao, Dacheng and Tao, Dacheng and Teng, Zhongzhao and Thakur, Siddhesh and Thakur, Meenakshi H and Tharakan, Sameer and Tiwari, Pallavi and Tochon, Guillaume and Tran, Tuan and Tsai, Yuhsiang M. and Tseng, Kuan-Lun and Tuan, Tran Anh and Turlapov, Vadim and Tustison, Nicholas and Vakalopoulou, Maria and Valverde, Sergi and Vanguri, Rami and Vasiliev, Evgeny and Ventura, Jonathan and Vera, Luis and Vercauteren, Tom and Verrastro, C. A. and Vidyaratne, Lasitha and Vilaplana, Veronica and Vivekanandan, Ajeet and Wang, Guotai and Wang, Qian and Wang, Chiatse J. and Wang, Weichung and Wang, Duo and Wang, Ruixuan and Wang, Yuanyuan and Wang, Chunliang and Wang, Guotai and Wen, Ning and Wen, Xin and Weninger, Leon and Wick, Wolfgang and Wu, Shaocheng and Wu, Qiang and Wu, Yihong and Xia, Yong and Xu, Yanwu and Xu, Xiaowen and Xu, Peiyuan and Yang, Tsai-Ling and Yang, Xiaoping and Yang, Hao-Yu and Yang, Junlin and Yang, Haojin and Yang, Guang and Yao, Hongdou and Ye, Xujiong and Yin, Changchang and Young-Moxon, Brett and Yu, Jinhua and Yue, Xiangyu and Zhang, Songtao and Zhang, Angela and Zhang, Kun and Zhang, Xuejie and Zhang, Lichi and Zhang, Xiaoyue and Zhang, Yazhuo and Zhang, Lei and Zhang, Jianguo and Zhang, Xiang and Zhang, Tianhao and Zhao, Sicheng and Zhao, Yu and Zhao, Xiaomei and Zhao, Liang and Zheng, Yefeng and Zhong, Liming and Zhou, Chenhong and Zhou, Xiaobing and Zhou, Fan and Zhu, Hongtu and Zhu, Jin and Zhuge, Ying and Zong, Weiwei and Kalpathy-Cramer, Jayashree and Farahani, Keyvan and Davatzikos, Christos and van Leemput, Koen and Menze, Bjoern},
  date          = {2019-04},
  eprinttype  = {arxiv},
  eprintclass = {cs.CV},
  eprint      = {1811.02629},
  note          = {\textit{Unpublished}}
}

@misc{bakas2017segmentationHGG,
  title  = {Segmentation Labels and Radiomic Features for the Pre-operative Scans of the {TCGA-GBM} collection [Data Set]. {The Cancer Imaging Archive}},
  author = {Bakas, Spyridon and Akbari, Hamed and Sotiras, Aristeidis and Bilello, Michel and Rozycki, Martin and Kirby, Justin and Freymann, John and Farahani, Keyvan and Davatzikos, Christos},
  doi    = {10.7937/K9/TCIA.2017.KLXWJJ1Q},
  date   = {2017-07-17},
  version = {1},
}

@misc{bakas2017segmentationLGG,
  title  = {Segmentation Labels and Radiomic Features for the Pre-operative Scans of the {TCGA-LGG} collection [Data Set] {The Cancer Imaging Archive}},
  author = {Bakas, Spyridon and Akbari, Hamed and Sotiras, Aristeidis and Bilello, Michel and Rozycki, Martin and Kirby, Justin and Freymann, John and Farahani, Keyvan and Davatzikos, Christos},
  doi    = {10.7937/K9/TCIA.2017.GJQ7R0EF},
  date   = {2017-07-17},
  version = {1}
}

@article{lowekamp2013simpleitk,
  title   = {The Design of {SimpleITK}},
  author  = {Lowekamp, Bradley C and Chen, David T and Ib{\'a}{\~n}ez, Luis and Blezek, Daniel},
  date    = {2013-12},
  journal = {Frontiers in Neuroinformatics},
  volume  = 7,
  eid     = {45},
  doi     = {10.3389/fninf.2013.00045}
}

@inproceedings{das2018mixed,
  author      = {Das, Dipankar and Mellempudi, Naveen and Mudigere, Dheevatsa and Kalamkar, Dhiraj and Avancha, Sasikanth and Banerjee, Kunal and Sridharan, Srinivas and Vaidyanathan, Karthik and Kaul, Bharat and Georganas, Evangelos and Heinecke, Alexander and Dubey, Pradeep and Corbal, Jesus and Shustrov, Nikita and Dubtsov, Roma and Fomenko, Evarist and Pirogov, Vadim},
  booktitle   = {International Conference on Learning Representations 2018},
  title       = {Mixed Precision Training of Convolutional Neural Networks using Integer Operations},
  date        = {2018-02},
  eprinttype  = {arxiv},
  eprintclass = {cs.NE},
  eprint      = {1802.00930}
}

@inproceedings{smith2018batch,
  title       = {Don't Decay the Learning Rate, Increase the Batch Size},
  author      = {Smith, Samuel L. and Kindermans, Pieter-Jan and Le, Quoc V.},
  booktitle   = {International Conference on Learning Representations 2018},
  date        = {2018-02},
  eprinttype  = {arxiv},
  eprintclass = {cs.LG},
  eprint      = {1711.00489}
}

@online{woolleynccl,
  title  = {{NCCL}: accelarated multi-{GPU} collective communications},
  author = {Woolley, Cliff},
  url    = {https://images.nvidia.com/events/sc15/pdfs/NCCL-Woolley.pdf},
  date = {2015-11-23},
  urldate   = {2020-09-30},
  organization = {Nvidia}
}

@inproceedings{loshchilov2017decoupled,
  title         = {Decoupled Weight Decay Regularization},
  author        = {Loshchilov, Ilya and Hutter, Frank},
  booktitle   = {International Conference on Learning Representations 2019},
  date = {2019-01},
  eprinttype  = {arxiv},
  eprintclass = {cs.LG},
  eprint        = {1711.05101},
}

@article{taha2015metrics,
  title   = {Metrics for evaluating {3D} medical image segmentation: analysis, selection, and tool},
  author  = {Taha, Abdel Aziz and Hanbury, Allan},
  date = {2015},
  journal = {BMC Medical Imaging},
  volume  = 15,
  eid   = {29},
  doi     = {10.1186/s12880-015-0068-x},
  issn    = {1471-2342}
}

@inproceedings{smilkov2017smoothgrad,
  title         = {{SmoothGrad}: removing noise by adding noise},
  author        = {Smilkov, Daniel and Thorat, Nikhil and Kim, Been and Viégas, Fernanda and Wattenberg, Martin},
  booktitle = {2017 Workshop on Visualization for Deep Learning},
  date = {2017-08},
  eprinttype  = {arxiv},
  eprintclass = {cs.CV},
  eprint        = {1706.03825},
}

@article{tharwat2018metrics,
  title   = {Classification assessment methods},
  author  = {Tharwat, Alaa},
  date    = {2020-08},
  journal = {Applied Computing and Informatics},
  doi     = {10.1016/j.aci.2018.08.003},
  issn    = {2210-8327}
}

@article{hand2001AUC,
  title   = {A Simple Generalisation of the Area Under the {ROC} Curve for Multiple Class Classification Problems},
  author  = {Hand, David J. and Till, Robert J.},
  date = {2001-11},
  journal = {Machine Learning},
  volume  = 45,
  number  = 2,
  pages   = {171--186},
  doi     = {10.1023/A:1010920819831},
  issn    = {1573-0565}
}
