@article{segal2007decoding,
  title   = {Decoding global gene expression programs in liver cancer by noninvasive imaging},
  author  = {Segal, Eran and Sirlin, Claude B and Ooi, Clara and Adler, Adam S and Gollub, Jeremy and Chen, Xin and Chan, Bryan K and Matcuk, George R and Barry, Christopher T and Chang, Howard Y and Kuo, Michael D},
  date    = {2007-06},
  journal = {Nature Biotechnology},
  volume  = 25,
  number  = 6,
  pages   = {675--680},
  doi     = {10.1038/nbt1306},
  issn    = {1546-1696},
}

@article{miles2009colorectal,
  title   = {Colorectal Cancer: Texture Analysis of Portal Phase Hepatic {CT} Images as a Potential Marker of Survival},
  author  = {Miles, Kenneth A and Ganeshan, Balaji and Griffiths, Matthew R and Young, Rupert CD and Chatwin, Christopher R},
  date    = {2009-02},
  journal = {Radiology},
  volume  = 250,
  number  = 2,
  pages   = {444--452},
  doi     = {10.1148/radiol.2502071879},
}

@article{aerts2014decoding,
  title   = {Decoding tumour phenotype by noninvasive imaging using a quantitative radiomics approach},
  author  = {Aerts, Hugo JWL and Velazquez, Emmanuel Rios and Leijenaar, Ralph TH and Parmar, Chintan and Grossmann, Patrick and Carvalho, Sara and Bussink, Johan and Monshouwer, Ren{\'e} and Haibe-Kains, Benjamin and Rietveld, Derek and Hoebers, Frank and Rietbergen, Michelle M and Leemans, C Ren{\'e} and Dekker, Andre and Quackenbush, John and Gillies, Robert J and Lambin, Philippe},
  date    = {2014-12},
  journal = {Nature Communications},
  volume  = 5,
  number  = 1,
  eid   = {4006},
  doi     = {10.1038/ncomms5006},
  issn    = {2041-1723},
}

@article{rao2016ct,
  title   = {{CT} texture analysis in colorectal liver metastases: A better way than size and volume measurements to assess response to chemotherapy?},
  author  = {Rao, Sheng-Xiang and Lambregts, Doenja MJ and Schnerr, Roald S and Beckers, Rianne CJ and Maas, Monique and Albarello, Fabrizio and Riedl, Robert G and Dejong, Cornelis HC and Martens, Milou H and Heijnen, Luc A and Backes, Walter H and Beets, Geerard L and Zeng, Meng-Su and Beets-Tan, Regina GH},
  date    = {2016-04},
  journal = {United European Gastroenterology Journal},
  volume  = 4,
  number  = 2,
  pages   = {257--263},
  doi     = {10.1177/2050640615601603},
}

@article{zhou2017mri,
  title   = {{MRI} features predict survival and molecular markers in diffuse lower-grade gliomas},
  author  = {Zhou, Hao and Valli\`{e}res, Martin and Bai, Harrison X and Su, Chang and Tang, Haiyun and Oldridge, Derek and Zhang, Zishu and Xiao, Bo and Liao, Weihua and Tao, Yongguang and Zhou, Jianhua and Zhang, Paul and Yang, Li},
  date    = {2017-06},
  journal = {Neuro-Oncology},
  volume  = 19,
  number  = 6,
  pages   = {862--870},
  doi     = {10.1093/neuonc/now256},
  issn    = {1522-8517},
}

@article{karlo2014radiogenomics,
  title   = {Radiogenomics of Clear Cell Renal Cell Carcinoma: Associations between {CT} Imaging Features and Mutations},
  author  = {Karlo, Christoph A and Di Paolo, Pier Luigi and Chaim, Joshua and Hakimi, A Ari and Ostrovnaya, Irina and Russo, Paul and Hricak, Hedvig and Motzer, Robert and Hsieh, James J and Akin, Oguz},
  date    = {2014-02},
  journal = {Radiology},
  volume  = 270,
  number  = 2,
  pages   = {464--471},
  doi     = {10.1148/radiol.13130663},
}

@article{lu2016robustness,
  title   = {Robustness of Radiomic Features in {[$^{11}$C]}Choline and {[$^{18}$F]}{FDG} {PET}/{CT} Imaging of Nasopharyngeal Carcinoma: Impact of Segmentation and Discretization},
  author  = {Lu, Lijun and Lv, Wenbing and Jiang, Jun and Ma, Jianhua and Feng, Qianjin and Rahmim, Arman and Chen, Wufan},
  date    = {2016-12},
  journal = {Molecular Imaging and Biology},
  volume  = 18,
  number  = 6,
  pages   = {935--945},
  doi     = {10.1007/s11307-016-0973-6},
  issn    = {1860-2002},
}

@article{thornhill2014differentiation,
  title   = {Differentiation of Lipoma From Liposarcoma on {MRI} Using Texture and Shape Analysis},
  author  = {Thornhill, Rebecca E and Golfam, Mohammad and Sheikh, Adnan and Cron, Greg O and White, Eric A and Werier, Joel and Schweitzer, Mark E and Di Primio, Gina},
  date    = {2014-09},
  journal = {Academic Radiology},
  volume  = 21,
  number  = 9,
  pages   = {1185--1194},
  doi     = {10.1016/j.acra.2014.04.005},
  issn    = {1076-6332},
}

@article{rao2014whole,
  title   = {Whole-liver {CT} texture analysis in colorectal cancer: Does the presence of liver metastases affect the texture of the remaining liver?},
  author  = {Rao, Sheng-Xiang and Lambregts, Doenja MJ and Schnerr, Roald S and van Ommen, Wenzel and van Nijnatten, Thiemo JA and Martens, Milou H and Heijnen, Luc A and Backes, Walter H and Verhoef, Cornelis and Zeng, Meng-Su and Beets, Geerard L and Beets-Tan, Regina GH},
  date    = {2014-12},
  journal = {United European Gastroenterology Journal},
  volume  = 2,
  number  = 6,
  pages   = {530--538},
  doi     = {10.1177/2050640614552463},
}

@article{o2017imaging,
  title   = {Imaging biomarker roadmap for cancer studies},
  author  = {O{\textquotesingle}Connor, James PB and Aboagye, Eric O and Adams, Judith E and Aerts, Hugo JWL and Barrington, Sally F and Beer, Ambros J and Boellaard, Ronald and Bohndiek, Sarah E and Brady, Michael and Brown, Gina and Buckley, David L and Chenevert, Thomas L and Clarke, Laurence P and Collette, Sandra and Cook, Gary J and deSouza, Nandita M and Dickson, John C and Dive, Caroline and Evelhoch, Jeffrey L and Faivre-Finn, Corinne and Gallagher, Ferdia A and Gilbert, Fiona J and Gillies, Robert J and Goh, Vicky and Griffiths, John R and Groves, Ashley M and Halligan, Steve and Harris, Adrian L and Hawkes, David J and Hoekstra, Otto S and Huang, Erich P and Hutton, Brian F. and Jackson, Edward F and Jayson, Gordon C and Jones, Andrew and Koh, Dow-Mu and Lacombe, Denis and Lambin, Philippe and Lassau, Nathalie and Leach, Martin O and Lee, Ting-Yim and Leen, Edward L and Lewis, Jason S and Liu, Yan and Lythgoe, Mark F and Manoharan, Prakash and Maxwell, Ross J and Miles, Kenneth A and Morgan, Bruno and Morris, Steve and Ng, Tony and Padhani, Anwar R and Parker, Geoff JM and Partridge, Mike and Pathak, Arvind P and Peet, Andrew C and Punwani, Shonit and Reynolds, Andrew R and Robinson, Simon P and Shankar, Lalitha K and Sharma, Ricky A and Soloviev, Dmitry and Stroobants, Sigrid and Sullivan, Daniel C and Taylor, Stuart A and Tofts, Paul S and Tozer, Gillian M and van Herk, Marcel and Walker-Samuel, Simon and Wason, James and Williams, Kaye J and Workman, Paul and Yankeelov, Thomas E and Brindle, Kevin M and McShane, Lisa M and Jackson, Alan and Waterton, John C},
  date    = {2017-03},
  journal = {Nature Reviews Clinical Oncology},
  volume  = 14,
  number  = 3,
  pages   = {169--186},
  doi     = {10.1038/nrclinonc.2016.162},
  issn    = {1759-4782},
}

@article{yip2016applications,
  title     = {Applications and limitations of radiomics},
  author    = {Yip, Stephen SF and Aerts, Hugo JWL},
  date      = {2016-07},
  journal   = {Physics in Medicine and Biology},
  volume    = 61,
  number    = 13,
  pages     = {R150--R166},
  doi       = {10.1088/0031-9155/61/13/r150},
}

@article{zwanenburg2016image,
  title    = {The Image Biomarker Standardization Initiative: Standardized Quantitative Radiomics for High-Throughput Image-based Phenotyping},
  author   = {Zwanenburg, Alex and Vallières, Martin and Abdalah, Mahmoud A. and Aerts, Hugo J. W. L. and Andrearczyk, Vincent and Apte, Aditya and Ashrafinia, Saeed and Bakas, Spyridon and Beukinga, Roelof J. and Boellaard, Ronald and Bogowicz, Marta and Boldrini, Luca and Buvat, Irène and Cook, Gary J. R. and Davatzikos, Christos and Depeursinge, Adrien and Desseroit, Marie-Charlotte and Dinapoli, Nicola and Dinh, Cuong Viet and Echegaray, Sebastian and El Naqa, Issam and Fedorov, Andriy Y. and Gatta, Roberto and Gillies, Robert J. and Goh, Vicky and Götz, Michael and Guckenberger, Matthias and Ha, Sung Min and Hatt, Mathieu and Isensee, Fabian and Lambin, Philippe and Leger, Stefan and Leijenaar, Ralph T.H. and Lenkowicz, Jacopo and Lippert, Fiona and Losnegård, Are and Maier-Hein, Klaus H. and Morin, Olivier and Müller, Henning and Napel, Sandy and Nioche, Christophe and Orlhac, Fanny and Pati, Sarthak and Pfaehler, Elisabeth A. G. and Rahmim, Arman and Rao, Arvind U. K. and Scherer, Jonas and Siddique, Muhammad Musib and Sijtsema, Nanna M. and Socarras Fernandez, Jairo and Spezi, Emiliano and Steenbakkers, Roel J. H. M. and Tanadini-Lang, Stephanie and Thorwarth, Daniela and Troost, Esther G. C. and Upadhaya, Taman and Valentini, Vincenzo and van Dijk, Lisanne V. and van Griethuysen, Joost and van Velden, Floris H. P. and Whybra, Philip and Richter, Christian and Löck, Steffen},
  date     = {2020-05},
  journal  = {Radiology},
  volume   = 295,
  number   = 2,
  pages    = {328--338},
  doi      = {10.1148/radiol.2020191145},
}

@article{broholm2008detecting,
  title   = {Detecting chromosomal alterations at 1p and 19q by {FISH} and {DNA} fragment analysis -- a comparative study in human gliomas},
  author  = {Broholm, H and Born, PW and Guterbaum, D and Dyrbye, H and Laursen, H},
  date    = {2008-11},
  journal = {Clinical neuropathology},
  volume  = 27,
  number  = 6,
  pages   = {378--387},
  doi     = {10.5414/npp27378},
  issn    = {0722-5091},
}

@article{franco2009allelic,
  title   = {Allelic status of 1p and 19q in oligodendrogliomas and glioblastomas: multiplex ligation-dependent probe amplification versus loss of heterozygosity},
  author  = {Franco-Hern\'{a}ndez, Carmen and Mart\'{i}nez-Glez, Victor and de Campos, Jose M and Isla, Alberto and Vaquero, Jes\'{u}s and Guti\'{e}rrez, Manuel and Casartelli, Cacilda and Rey, Juan A},
  date    = {2009-04},
  journal = {Cancer Genetics and Cytogenetics},
  volume  = 190,
  number  = 2,
  pages   = {93--96},
  doi     = {10.1016/j.cancergencyto.2008.09.017},
  issn    = {0165-4608},
}

@article{heye2013reproducibility,
  title   = {Reproducibility of Dynamic Contrast-enhanced {MR} Imaging. Part {II}. Comparison of Intra- and Interobserver Variability with Manual Region of Interest Placement versus Semiautomatic Lesion Segmentation and Histogram Analysis},
  author  = {Heye, Tobias and Merkle, Elmar M and Reiner, Caecilia S and Davenport, Matthew S and Horvath, Jeffrey J and Feuerlein, Sebastian and Breault, Steven R and Gall, Peter and Bashir, Mustafa R and Dale, Brian M and Kiraly, Atilla P and Boll, Daniel T},
  date    = {2013-03},
  journal = {Radiology},
  volume  = 266,
  number  = 3,
  pages   = {812--821},
  doi     = {10.1148/radiol.12120255},
}

@article{parmar2014robust,
  title     = {Robust Radiomics Feature Quantification Using Semiautomatic Volumetric Segmentation},
  author    = {Parmar, Chintan and Rios Velazquez, Emmanuel and Leijenaar, Ralph and Jermoumi, Mohammed and Carvalho, Sara and Mak, Raymond H and Mitra, Sushmita and Shankar, B Uma and Kikinis, Ron and Haibe-Kains, Benjamin and Lambin, Philippe and Aerts, Hugo JWL},
  date      = {2014-07},
  journal   = {{PLoS} {ONE}},
  volume    = 9,
  number    = 7,
  eid     = {e102107},
  doi       = {10.1371/journal.pone.0102107},
}

@article{yushkevich2006user,
  title   = {User-guided {3D} active contour segmentation of anatomical structures: Significantly improved efficiency and reliability},
  author  = {Yushkevich, Paul A and Piven, Joseph and Hazlett, Heather Cody and Smith, Rachel Gimpel and Ho, Sean and Gee, James C and Gerig, Guido},
  date    = {2006-07},
  journal = {NeuroImage},
  volume  = 31,
  number  = 3,
  pages   = {1116--1128},
  doi     = {10.1016/j.neuroimage.2006.01.015},
  issn    = {1053-8119},
}

@inproceedings{ronneberger2015u,
  title     = {{U-Net}: Convolutional Networks for Biomedical Image Segmentation},
  author    = {Ronneberger, Olaf and Fischer, Philipp and Brox, Thomas},
  date      = {2015-11},
  booktitle = {Medical Image Computing and Computer-Assisted Intervention -- {MICCAI} 2015},
  publisher = {Springer International Publishing},
  pages     = {234--241},
  doi       = {10.1007/978-3-319-24574-4_28},
  isbn      = {978-3-319-24574-4},
  editor    = {Navab, Nassir and Hornegger, Joachim and Wells, William M and Frangi, Alejandro F}
}

@article{collins1995automatic,
  title   = {Automatic {3-D} model-based neuroanatomical segmentation},
  author  = {Collins, D Louis and Holmes, CJ and Peters, Terry M and Evans, Alan C},
  date    = {1995},
  journal = {Human Brain Mapping},
  volume  = 3,
  number  = 3,
  pages   = {190--208},
  doi     = {10.1002/hbm.460030304},
}

@article{parekh2016radiomics,
  title     = {Radiomics: a new application from established techniques},
  author    = {Parekh, Vishwa and Jacobs, Michael A},
  date      = {2016-03},
  journal   = {Expert Review of Precision Medicine and Drug Development},
  volume    = 1,
  number    = 2,
  pages     = {207--226},
  doi       = {10.1080/23808993.2016.1164013},
}

@inproceedings{peura1997efficiency,
  title     = {Efficiency of simple shape descriptors},
  author    = {Peura, Markus and Iivarinen, Jukka},
  date      = {1997},
  booktitle = {Advances In Visual Form Analysis: Proceedings Of The 3rd International Workshop On Visual Form},
  publisher = {WORLD SCIENTIFIC},
  pages     = {443--451},
  doi       = {10.1142/3589},
  editor    = {Arcelli, Carlo and di Baja, Gabriella Sanniti and Cordella, Luigi P}
}

@book{gonzalez2006digital,
  title     = {Digital Image Processing},
  author    = {Gonzalez, Rafael C and Woods, Richard E},
  date      = {2007},
  month     = aug,
  publisher = {Pearson},
  isbn      = 9780133002324,
  edition   = 3
}

@article{prasanna2016co,
  title   = {Co-occurrence of Local Anisotropic Gradient Orientations ({CoLlAGe}): A new radiomics descriptor},
  author  = {Prasanna, Prateek and Tiwari, Pallavi and Madabhushi, Anant},
  date    = {2016-12},
  journal = {Scientific Reports},
  volume  = 6,
  number  = 1,
  eid   = {37241},
  doi     = {10.1038/srep37241},
  issn    = {2045-2322},
}
