@article{segal2007decoding,
  title   = {Decoding global gene expression programs in liver cancer by noninvasive imaging},
  author  = {Segal, Eran and Sirlin, Claude B and Ooi, Clara and Adler, Adam S and Gollub, Jeremy and Chen, Xin and Chan, Bryan K and Matcuk, George R and Barry, Christopher T and Chang, Howard Y and Kuo, Michael D},
  date    = {2007-06},
  journal = {Nature Biotechnology},
  volume  = 25,
  number  = 6,
  pages   = {675--680},
  doi     = {10.1038/nbt1306},
  issn    = {1546-1696},
}

@article{miles2009colorectal,
  title   = {Colorectal Cancer: Texture Analysis of Portal Phase Hepatic {CT} Images as a Potential Marker of Survival},
  author  = {Miles, Kenneth A and Ganeshan, Balaji and Griffiths, Matthew R and Young, Rupert CD and Chatwin, Christopher R},
  date    = {2009-02},
  journal = {Radiology},
  volume  = 250,
  number  = 2,
  pages   = {444--452},
  doi     = {10.1148/radiol.2502071879},
}

@article{aerts2014decoding,
  title   = {Decoding tumour phenotype by noninvasive imaging using a quantitative radiomics approach},
  author  = {Aerts, Hugo JWL and Velazquez, Emmanuel Rios and Leijenaar, Ralph TH and Parmar, Chintan and Grossmann, Patrick and Carvalho, Sara and Bussink, Johan and Monshouwer, Ren{\'e} and Haibe-Kains, Benjamin and Rietveld, Derek and Hoebers, Frank and Rietbergen, Michelle M and Leemans, C Ren{\'e} and Dekker, Andre and Quackenbush, John and Gillies, Robert J and Lambin, Philippe},
  date    = {2014-12},
  journal = {Nature Communications},
  volume  = 5,
  number  = 1,
  eid   = {4006},
  doi     = {10.1038/ncomms5006},
  issn    = {2041-1723},
}

@article{rao2016ct,
  title   = {{CT} texture analysis in colorectal liver metastases: A better way than size and volume measurements to assess response to chemotherapy?},
  author  = {Rao, Sheng-Xiang and Lambregts, Doenja MJ and Schnerr, Roald S and Beckers, Rianne CJ and Maas, Monique and Albarello, Fabrizio and Riedl, Robert G and Dejong, Cornelis HC and Martens, Milou H and Heijnen, Luc A and Backes, Walter H and Beets, Geerard L and Zeng, Meng-Su and Beets-Tan, Regina GH},
  date    = {2016-04},
  journal = {United European Gastroenterology Journal},
  volume  = 4,
  number  = 2,
  pages   = {257--263},
  doi     = {10.1177/2050640615601603},
}

@article{zhou2017mri,
  title   = {{MRI} features predict survival and molecular markers in diffuse lower-grade gliomas},
  author  = {Zhou, Hao and Valli\`{e}res, Martin and Bai, Harrison X and Su, Chang and Tang, Haiyun and Oldridge, Derek and Zhang, Zishu and Xiao, Bo and Liao, Weihua and Tao, Yongguang and Zhou, Jianhua and Zhang, Paul and Yang, Li},
  date    = {2017-06},
  journal = {Neuro-Oncology},
  volume  = 19,
  number  = 6,
  pages   = {862--870},
  doi     = {10.1093/neuonc/now256},
  issn    = {1522-8517},
}

@article{karlo2014radiogenomics,
  title   = {Radiogenomics of Clear Cell Renal Cell Carcinoma: Associations between {CT} Imaging Features and Mutations},
  author  = {Karlo, Christoph A and Di Paolo, Pier Luigi and Chaim, Joshua and Hakimi, A Ari and Ostrovnaya, Irina and Russo, Paul and Hricak, Hedvig and Motzer, Robert and Hsieh, James J and Akin, Oguz},
  date    = {2014-02},
  journal = {Radiology},
  volume  = 270,
  number  = 2,
  pages   = {464--471},
  doi     = {10.1148/radiol.13130663},
}

@article{lu2016robustness,
  title   = {Robustness of Radiomic Features in {[$^{11}$C]}Choline and {[$^{18}$F]}{FDG} {PET}/{CT} Imaging of Nasopharyngeal Carcinoma: Impact of Segmentation and Discretization},
  author  = {Lu, Lijun and Lv, Wenbing and Jiang, Jun and Ma, Jianhua and Feng, Qianjin and Rahmim, Arman and Chen, Wufan},
  date    = {2016-12},
  journal = {Molecular Imaging and Biology},
  volume  = 18,
  number  = 6,
  pages   = {935--945},
  doi     = {10.1007/s11307-016-0973-6},
  issn    = {1860-2002},
}

@article{thornhill2014differentiation,
  title   = {Differentiation of Lipoma From Liposarcoma on {MRI} Using Texture and Shape Analysis},
  author  = {Thornhill, Rebecca E and Golfam, Mohammad and Sheikh, Adnan and Cron, Greg O and White, Eric A and Werier, Joel and Schweitzer, Mark E and Di Primio, Gina},
  date    = {2014-09},
  journal = {Academic Radiology},
  volume  = 21,
  number  = 9,
  pages   = {1185--1194},
  doi     = {10.1016/j.acra.2014.04.005},
  issn    = {1076-6332},
}

@article{rao2014whole,
  title   = {Whole-liver {CT} texture analysis in colorectal cancer: Does the presence of liver metastases affect the texture of the remaining liver?},
  author  = {Rao, Sheng-Xiang and Lambregts, Doenja MJ and Schnerr, Roald S and van Ommen, Wenzel and van Nijnatten, Thiemo JA and Martens, Milou H and Heijnen, Luc A and Backes, Walter H and Verhoef, Cornelis and Zeng, Meng-Su and Beets, Geerard L and Beets-Tan, Regina GH},
  date    = {2014-12},
  journal = {United European Gastroenterology Journal},
  volume  = 2,
  number  = 6,
  pages   = {530--538},
  doi     = {10.1177/2050640614552463},
}

@article{o2017imaging,
  title   = {Imaging biomarker roadmap for cancer studies},
  author  = {O{\textquotesingle}Connor, James PB and Aboagye, Eric O and Adams, Judith E and Aerts, Hugo JWL and Barrington, Sally F and Beer, Ambros J and Boellaard, Ronald and Bohndiek, Sarah E and Brady, Michael and Brown, Gina and Buckley, David L and Chenevert, Thomas L and Clarke, Laurence P and Collette, Sandra and Cook, Gary J and deSouza, Nandita M and Dickson, John C and Dive, Caroline and Evelhoch, Jeffrey L and Faivre-Finn, Corinne and Gallagher, Ferdia A and Gilbert, Fiona J and Gillies, Robert J and Goh, Vicky and Griffiths, John R and Groves, Ashley M and Halligan, Steve and Harris, Adrian L and Hawkes, David J and Hoekstra, Otto S and Huang, Erich P and Hutton, Brian F. and Jackson, Edward F and Jayson, Gordon C and Jones, Andrew and Koh, Dow-Mu and Lacombe, Denis and Lambin, Philippe and Lassau, Nathalie and Leach, Martin O and Lee, Ting-Yim and Leen, Edward L and Lewis, Jason S and Liu, Yan and Lythgoe, Mark F and Manoharan, Prakash and Maxwell, Ross J and Miles, Kenneth A and Morgan, Bruno and Morris, Steve and Ng, Tony and Padhani, Anwar R and Parker, Geoff JM and Partridge, Mike and Pathak, Arvind P and Peet, Andrew C and Punwani, Shonit and Reynolds, Andrew R and Robinson, Simon P and Shankar, Lalitha K and Sharma, Ricky A and Soloviev, Dmitry and Stroobants, Sigrid and Sullivan, Daniel C and Taylor, Stuart A and Tofts, Paul S and Tozer, Gillian M and van Herk, Marcel and Walker-Samuel, Simon and Wason, James and Williams, Kaye J and Workman, Paul and Yankeelov, Thomas E and Brindle, Kevin M and McShane, Lisa M and Jackson, Alan and Waterton, John C},
  date    = {2017-03},
  journal = {Nature Reviews Clinical Oncology},
  volume  = 14,
  number  = 3,
  pages   = {169--186},
  doi     = {10.1038/nrclinonc.2016.162},
  issn    = {1759-4782},
}

@article{yip2016applications,
  title     = {Applications and limitations of radiomics},
  author    = {Yip, Stephen SF and Aerts, Hugo JWL},
  date      = {2016-07},
  journal   = {Physics in Medicine and Biology},
  volume    = 61,
  number    = 13,
  pages     = {R150--R166},
  doi       = {10.1088/0031-9155/61/13/r150},
}

@article{zwanenburg2016image,
  title    = {The Image Biomarker Standardization Initiative: Standardized Quantitative Radiomics for High-Throughput Image-based Phenotyping},
  author   = {Zwanenburg, Alex and Vallières, Martin and Abdalah, Mahmoud A. and Aerts, Hugo J. W. L. and Andrearczyk, Vincent and Apte, Aditya and Ashrafinia, Saeed and Bakas, Spyridon and Beukinga, Roelof J. and Boellaard, Ronald and Bogowicz, Marta and Boldrini, Luca and Buvat, Irène and Cook, Gary J. R. and Davatzikos, Christos and Depeursinge, Adrien and Desseroit, Marie-Charlotte and Dinapoli, Nicola and Dinh, Cuong Viet and Echegaray, Sebastian and El Naqa, Issam and Fedorov, Andriy Y. and Gatta, Roberto and Gillies, Robert J. and Goh, Vicky and Götz, Michael and Guckenberger, Matthias and Ha, Sung Min and Hatt, Mathieu and Isensee, Fabian and Lambin, Philippe and Leger, Stefan and Leijenaar, Ralph T.H. and Lenkowicz, Jacopo and Lippert, Fiona and Losnegård, Are and Maier-Hein, Klaus H. and Morin, Olivier and Müller, Henning and Napel, Sandy and Nioche, Christophe and Orlhac, Fanny and Pati, Sarthak and Pfaehler, Elisabeth A. G. and Rahmim, Arman and Rao, Arvind U. K. and Scherer, Jonas and Siddique, Muhammad Musib and Sijtsema, Nanna M. and Socarras Fernandez, Jairo and Spezi, Emiliano and Steenbakkers, Roel J. H. M. and Tanadini-Lang, Stephanie and Thorwarth, Daniela and Troost, Esther G. C. and Upadhaya, Taman and Valentini, Vincenzo and van Dijk, Lisanne V. and van Griethuysen, Joost and van Velden, Floris H. P. and Whybra, Philip and Richter, Christian and Löck, Steffen},
  date     = {2020-05},
  journal  = {Radiology},
  volume   = 295,
  number   = 2,
  pages    = {328--338},
  doi      = {10.1148/radiol.2020191145},
}

@article{broholm2008detecting,
  title   = {Detecting chromosomal alterations at 1p and 19q by {FISH} and {DNA} fragment analysis -- a comparative study in human gliomas},
  author  = {Broholm, H and Born, PW and Guterbaum, D and Dyrbye, H and Laursen, H},
  date    = {2008-11},
  journal = {Clinical neuropathology},
  volume  = 27,
  number  = 6,
  pages   = {378--387},
  doi     = {10.5414/npp27378},
  issn    = {0722-5091},
}

@article{franco2009allelic,
  title   = {Allelic status of 1p and 19q in oligodendrogliomas and glioblastomas: multiplex ligation-dependent probe amplification versus loss of heterozygosity},
  author  = {Franco-Hern\'{a}ndez, Carmen and Mart\'{i}nez-Glez, Victor and de Campos, Jose M and Isla, Alberto and Vaquero, Jes\'{u}s and Guti\'{e}rrez, Manuel and Casartelli, Cacilda and Rey, Juan A},
  date    = {2009-04},
  journal = {Cancer Genetics and Cytogenetics},
  volume  = 190,
  number  = 2,
  pages   = {93--96},
  doi     = {10.1016/j.cancergencyto.2008.09.017},
  issn    = {0165-4608},
}

@article{heye2013reproducibility,
  title   = {Reproducibility of Dynamic Contrast-enhanced {MR} Imaging. Part {II}. Comparison of Intra- and Interobserver Variability with Manual Region of Interest Placement versus Semiautomatic Lesion Segmentation and Histogram Analysis},
  author  = {Heye, Tobias and Merkle, Elmar M and Reiner, Caecilia S and Davenport, Matthew S and Horvath, Jeffrey J and Feuerlein, Sebastian and Breault, Steven R and Gall, Peter and Bashir, Mustafa R and Dale, Brian M and Kiraly, Atilla P and Boll, Daniel T},
  date    = {2013-03},
  journal = {Radiology},
  volume  = 266,
  number  = 3,
  pages   = {812--821},
  doi     = {10.1148/radiol.12120255},
}

@article{parmar2014robust,
  title     = {Robust Radiomics Feature Quantification Using Semiautomatic Volumetric Segmentation},
  author    = {Parmar, Chintan and Rios Velazquez, Emmanuel and Leijenaar, Ralph and Jermoumi, Mohammed and Carvalho, Sara and Mak, Raymond H and Mitra, Sushmita and Shankar, B Uma and Kikinis, Ron and Haibe-Kains, Benjamin and Lambin, Philippe and Aerts, Hugo JWL},
  date      = {2014-07},
  journal   = {{PLoS} {ONE}},
  volume    = 9,
  number    = 7,
  eid     = {e102107},
  doi       = {10.1371/journal.pone.0102107},
}

@article{yushkevich2006user,
  title   = {User-guided {3D} active contour segmentation of anatomical structures: Significantly improved efficiency and reliability},
  author  = {Yushkevich, Paul A and Piven, Joseph and Hazlett, Heather Cody and Smith, Rachel Gimpel and Ho, Sean and Gee, James C and Gerig, Guido},
  date    = {2006-07},
  journal = {NeuroImage},
  volume  = 31,
  number  = 3,
  pages   = {1116--1128},
  doi     = {10.1016/j.neuroimage.2006.01.015},
  issn    = {1053-8119},
}

@inproceedings{ronneberger2015u,
  title     = {{U-Net}: Convolutional Networks for Biomedical Image Segmentation},
  author    = {Ronneberger, Olaf and Fischer, Philipp and Brox, Thomas},
  date      = {2015-11},
  booktitle = {Medical Image Computing and Computer-Assisted Intervention -- {MICCAI} 2015},
  publisher = {Springer International Publishing},
  pages     = {234--241},
  doi       = {10.1007/978-3-319-24574-4_28},
  isbn      = {978-3-319-24574-4},
  editor    = {Navab, Nassir and Hornegger, Joachim and Wells, William M and Frangi, Alejandro F}
}

@article{collins1995automatic,
  title   = {Automatic {3-D} model-based neuroanatomical segmentation},
  author  = {Collins, D Louis and Holmes, CJ and Peters, Terry M and Evans, Alan C},
  date    = {1995},
  journal = {Human Brain Mapping},
  volume  = 3,
  number  = 3,
  pages   = {190--208},
  doi     = {10.1002/hbm.460030304},
}

@article{parekh2016radiomics,
  title     = {Radiomics: a new application from established techniques},
  author    = {Parekh, Vishwa and Jacobs, Michael A},
  date      = {2016-03},
  journal   = {Expert Review of Precision Medicine and Drug Development},
  volume    = 1,
  number    = 2,
  pages     = {207--226},
  doi       = {10.1080/23808993.2016.1164013},
}

@inproceedings{peura1997efficiency,
  title     = {Efficiency of simple shape descriptors},
  author    = {Peura, Markus and Iivarinen, Jukka},
  date      = {1997},
  booktitle = {Advances In Visual Form Analysis: Proceedings Of The 3rd International Workshop On Visual Form},
  publisher = {WORLD SCIENTIFIC},
  pages     = {443--451},
  doi       = {10.1142/3589},
  editor    = {Arcelli, Carlo and di Baja, Gabriella Sanniti and Cordella, Luigi P}
}

@book{gonzalez2006digital,
  title     = {Digital Image Processing},
  author    = {Gonzalez, Rafael C and Woods, Richard E},
  date      = {2007},
  month     = aug,
  publisher = {Pearson},
  isbn      = 9780133002324,
  edition   = 3
}

@article{prasanna2016co,
  title   = {Co-occurrence of Local Anisotropic Gradient Orientations ({CoLlAGe}): A new radiomics descriptor},
  author  = {Prasanna, Prateek and Tiwari, Pallavi and Madabhushi, Anant},
  date    = {2016-12},
  journal = {Scientific Reports},
  volume  = 6,
  number  = 1,
  eid   = {37241},
  doi     = {10.1038/srep37241},
  issn    = {2045-2322},
}

@inproceedings{antunes2017radiomic,
  title     = {{RADIomic} {Spatial} {TexturAl} {descripTor} ({RADISTAT}): Characterizing Intra-tumoral Heterogeneity for Response and Outcome Prediction},
  author    = {Antunes, Jacob and Prasanna, Prateek and Madabhushi, Anant and Tiwari, Pallavi and Viswanath, Satish},
  date      = {2017-09},
  booktitle = {Medical Image Computing and Computer-Assisted Intervention -- {MICCAI} 2017},
  publisher = {Springer International Publishing},
  pages     = {468--476},
  isbn      = {978-3-319-66185-8},
  editor    = {Descoteaux, Maxime and Maier-Hein, Lena and Franz, Alfred and Jannin, Pierre and Collins, D. Louis and Duchesne, Simon},
  doi       = {10.1007/978-3-319-66185-8_53},
}

@article{zhao2016reproducibility,
  title   = {Reproducibility of radiomics for deciphering tumor phenotype with imaging},
  author  = {Zhao, Binsheng and Tan, Yongqiang and Tsai, Wei-Yann and Qi, Jing and Xie, Chuanmiao and Lu, Lin and Schwartz, Lawrence H},
  date    = {2016-12},
  journal = {Scientific Reports},
  volume  = 6,
  number  = 1,
  eid   = {23428},
  doi     = {10.1038/srep23428},
  issn    = {2045-2322},
}

@inbook{jolliffe2011principal,
  title     = {Principal Component Analysis},
  author    = {Jolliffe, Ian},
  date      = {2011},
  booktitle = {International Encyclopedia of Statistical Science},
  publisher = {Springer Berlin Heidelberg},
  pages     = {1094--1096},
  doi       = {10.1007/978-3-642-04898-2_455},
  isbn      = {978-3-642-04898-2},
  editor    = {Lovric, Miodrag}
}

@article{cortes1995support,
  title   = {Support-vector networks},
  author  = {Cortes, Corinna and Vapnik, Vladimir},
  date    = {1995-09},
  journal = {Machine Learning},
  volume  = 20,
  number  = 3,
  pages   = {273--297},
  doi     = {10.1007/BF00994018},
  issn    = {1573-0565},
}

@article{greenspan2016guest,
  title   = {Guest Editorial Deep Learning in Medical Imaging: Overview and Future Promise of an Exciting New Technique},
  author  = {Greenspan, Hayit and van Ginneken, Bram and Summers, Ronald M},
  date    = {2016-05},
  journal = {{IEEE} Transactions on Medical Imaging},
  volume  = 35,
  number  = 5,
  pages   = {1153--1159},
  doi     = {10.1109/TMI.2016.2553401},
  issn    = {1558-254X}
}

@article{shin2016deep,
  title   = {Deep Convolutional Neural Networks for Computer-Aided Detection: {CNN} Architectures, Dataset Characteristics and Transfer Learning},
  author  = {Shin, Hoo-Chang and Roth, Holger R and Gao, Mingchen and Lu, Le and Xu, Ziyue and Nogues, Isabella and Yao, Jianhua and Mollura, Daniel and Summers, Ronald M},
  date    = {2016-05},
  journal = {{IEEE} Transactions on Medical Imaging},
  volume  = 35,
  number  = 5,
  pages   = {1285--1298},
  doi     = {10.1109/TMI.2016.2528162},
  issn    = {1558-254X}
}

@article{krizhevsky2012imagenet,
  title      = {ImageNet Classification with Deep Convolutional Neural Networks},
  author     = {Krizhevsky, Alex and Sutskever, Ilya and Hinton, Geoffrey E.},
  date       = {2017-06},
  journal    = {Communications of the {ACM}},
  volume     = 60,
  number     = 6,
  pages      = {84--90},
  doi        = {10.1145/3065386},
  issn       = {0001-0782},
}

@inproceedings{szegedy2017inception,
  title     = {Inception-v4, {Inception}-{ResNet} and the Impact of Residual Connections on Learning},
  author    = {Szegedy, Christian and Ioffe, Sergey and Vanhoucke, Vincent and Alemi, Alexander A},
  date      = {2017-02},
  booktitle = {Proceedings of the Thirty-First {AAAI} Conference on Artificial Intelligence},
  publisher = {AAAI Press},
  editors   = {Singh, Satinder and Markovitch, Shaul},
  pages     = {4279-- 4284},
  eprinttype  = {arxiv},
  eprintclass = {cs.CV},
  eprint      = {1602.07261}
}

@inproceedings{simonyan2014very,
  title     = {Very Deep Convolutional Networks for Large-Scale Image Recognition},
  author    = {Simonyan, Karen and Zisserman, Andrew},
  date      = {2015-05},
  booktitle = {3rd International Conference on Learning Representations, {ICLR} 2015, Conference Track Proceedings},
  editor    = {Bengio, Yoshua and LeCun, Yann},
  eprinttype  = {arxiv},
  eprintclass = {cs.CV},
  eprint      = {1409.1556}
}

@inproceedings{he2016deep,
  title     = {Deep Residual Learning for Image Recognition},
  author    = {He, Kaiming and Zhang, Xiangy and Ren, Shaoqing and Sun, Jian},
  date      = {2016-06},
  booktitle = {2016 {IEEE} Conference on Computer Vision and Pattern Recognition ({CVPR})},
  pages     = {770--778},
  doi       = {10.1109/CVPR.2016.90},
  issn      = {1063-6919}
}

@article{van2015transfer,
  title   = {Transfer Learning Improves Supervised Image Segmentation Across Imaging Protocols},
  author  = {Van Opbroek, Annegreet and Ikram, M Arfan and Vernooij, Meike W and De Bruijne, Marleen},
  date    = {2015-05},
  journal = {{IEEE} Transactions on Medical Imaging},
  volume  = 34,
  number  = 5,
  pages   = {1018--1030},
  doi     = {10.1109/TMI.2014.2366792},
  issn    = {1558-254X}
}

@inproceedings{zhou2016learning,
  title     = {Learning Deep Features for Discriminative Localization},
  author    = {Zhou, Bolei and Khosla, Aditya and Lapedriza, Agata and Oliva, Aude and Torralba, Antonio},
  date      = {2016-06},
  booktitle = {2016 {IEEE} Conference on Computer Vision and Pattern Recognition ({CVPR})},
  pages     = {2921--2929},
  doi       = {10.1109/CVPR.2016.319},
  issn      = {1063-6919}
}

@inproceedings{sun2013hybrid,
  title     = {Hybrid Deep Learning for Face Verification},
  author    = {Sun, Yi and Wang, Xiaogang and Tang, Xiaoou},
  date      = {2013-12},
  booktitle = {2013 {IEEE} International Conference on Computer Vision ({ICCV})},
  pages     = {1489--1496},
  doi       = {10.1109/ICCV.2013.188},
  issn      = {2380-7504}
}

@inproceedings{goodfellow2014generative,
  title     = {Generative Adversarial Nets},
  author    = {Goodfellow, Ian and Pouget-Abadie, Jean and Mirza, Mehdi and Xu, Bing and Warde-Farley, David and Ozair, Sherjil and Courville, Aaron and Bengio, Yoshua},
  date      = {2014},
  booktitle = {Advances in Neural Information Processing Systems},
  publisher = {Curran Associates, Inc.},
  volume    = 27,
  pages     = {2672--2680},
  editor    = {Ghahramani, Zoubin and Welling, Max and Cortes, Corinna and Lawrence, Neil D and Weinberger, Kilian Q},
  eprinttype  = {arxiv},
  eprintclass = {stat.ML},
  eprint      = {1406.2661}
}

@inproceedings{bertinetto2016fully,
  title     = {Fully-Convolutional Siamese Networks for Object Tracking},
  author    = {Bertinetto, Luca and Valmadre, Jack and Henriques, Jo{\~a}o F and Vedaldi, Andrea and Torr, Philip HS},
  date      = {2016-11},
  booktitle = {Computer Vision -- {ECCV} 2016 Workshops},
  publisher = {Springer International Publishing},
  pages     = {850--865},
  isbn      = {978-3-319-48881-3},
  editor    = {Hua, Gang and J{\'e}gou, Herv{\'e}},
  doi       = {10.1007/978-3-319-48881-3_56},
}

@inproceedings{kohavi1995study,
  title     = {A Study of Cross-Validation and Bootstrap for Accuracy Estimation and Model Selection},
  author    = {Kohavi, Ron},
  date      = {1995-08},
  booktitle = {Proceedings of the 14th International Joint Conference on Artificial Intelligence},
  publisher = {Morgan Kaufmann Publishers Inc.},
  series    = {{IJCAI}'95},
  volume    = 2,
  pages     = {1137--1143},
  isbn      = 1558603638,
}

@article{fawcett2006introduction,
  title   = {An introduction to {ROC} analysis},
  author  = {Fawcett, Tom},
  date    = {2006-06},
  journal = {Pattern Recognition Letters},
  volume  = 27,
  number  = 8,
  pages   = {861--874},
  doi     = {10.1016/j.patrec.2005.10.010},
  issn    = {0167-8655},
}


@inproceedings{sokolova2006beyond,
  title     = {Beyond Accuracy, {F}-Score and {ROC}: A Family of Discriminant Measures for Performance Evaluation},
  author    = {Sokolova, Marina and Japkowicz, Nathalie and Szpakowicz, Stan},
  date      = {2006},
  booktitle = {{AI} 2006: Advances in Artificial Intelligence},
  publisher = {Springer Berlin Heidelberg},
  pages     = {1015--1021},
  isbn      = {978-3-540-49788-2},
  editor    = {Sattar, Abdul and Kang, Byeong-ho},
  doi       = {10.1007/11941439_114}
}

@inproceedings{macskassy2005roc,
  title     = {{ROC} Confidence Bands: An Empirical Evaluation},
  author    = {Macskassy, Sofus A and Provost, Foster and Rosset, Saharon},
  year      = 2005,
  booktitle = {Proceedings of the 22nd International Conference on Machine Learning},
  publisher = {Association for Computing Machinery},
  series    = {ICML '05},
  pages     = {537--544},
  doi       = {10.1145/1102351.1102419},
  isbn      = 1595931805,
}

@article{nadeau2003inference,
  title   = {Inference for the Generalization Error},
  author  = {Nadeau, Claude and Bengio, Yoshua},
  date    = {2003-09},
  journal = {Machine Learning},
  volume  = 52,
  number  = 3,
  pages   = {239--281},
  doi     = {10.1023/A:1024068626366},
  issn    = {1573-0565},
}

@article{marcus2007extensible,
  title   = {The extensible neuroimaging archive toolkit},
  author  = {Marcus, Daniel S and Olsen, Timothy R and Ramaratnam, Mohana and Buckner, Randy L},
  date    = {2007-03},
  journal = {Neuroinformatics},
  volume  = 5,
  number  = 1,
  pages   = {11--33},
  doi     = {10.1385/NI:5:1:11},
  issn    = {1559-0089},
}

@article{cavelaars2015openclinica,
  title   = {OpenClinica},
  author  = {Cavelaars, Marinel and Rousseau, Jacob and Parlayan, Cuneyt and de Ridder, Sander and Verburg, Annemarie and Ross, Ruud and Visser, Gerben Rienk and Rotte, Annelies and Azevedo, Rita and Boiten, Jan-Willem and Meijer, Gerrit A and Belien, Jeroen AM and Verheul, Henk},
  date    = {2015-05},
  journal = {Journal of Clinical Bioinformatics},
  volume  = 5,
  number   = {supplement 1},
  eid   = {S2},
  doi     = {10.1186/2043-9113-5-S1-S2},
  issn    = {2043-9113},
}

@inproceedings{moreira20153d,
  title     = {{3D} Markup of Radiological Images in {ePAD}, a Web-Based Image Annotation Tool},
  author    = {Moreira, Dilvan A and Hage, Cleber and Luque, Edson F and Willrett, Debra and Rubin, Daniel L},
  date      = {2015-06},
  booktitle = {2015 28th {IEEE} International Symposium on Computer-Based Medical Systems},
  pages     = {97--102},
  doi       = {10.1109/CBMS.2015.46},
  issn      = {1063-7125}
}

@article{fave2016computational,
  title     = {Computational resources for radiomics},
  author    = {Court, Laurence E and Fave, Xenia and Mackin, Dennis and Lee, Joonsang and Yang, Jinzhong and Zhang, Lifei},
  date      = {2016-08},
  journal   = {Translational Cancer Research},
  volume    = 5,
  number    = 4,
  pages     = {340--348},
  doi       = {10.21037/tcr.2016.06.17},
  issn      = {2218-676X}
}


@article{court2015ibex,
  title   = {{IBEX}: An open infrastructure software platform to facilitate collaborative work in radiomics},
  author  = {Zhang, Lifei and Fried, David V and Fave, Xenia J and Hunter, Luke A and Yang, Jinzhong and Court, Laurence E},
  date    = {2015-03},
  journal = {Medical Physics},
  volume  = 42,
  number  = 3,
  pages   = {1341--1353},
  doi     = {10.1118/1.4908210},
}

@article{van2017computational,
  title     = {Computational Radiomics System to Decode the Radiographic Phenotype},
  author    = {van Griethuysen, Joost JM and Fedorov, Andriy and Parmar, Chintan and Hosny, Ahmed and Aucoin, Nicole and Narayan, Vivek and Beets-Tan, Regina GH and Fillion-Robin, Jean-Christophe and Pieper, Steve and Aerts, Hugo JWL},
  date      = {2017-11},
  journal   = {Cancer Research},
  volume    = 77,
  number    = 21,
  pages     = {e104--e107},
  doi       = {10.1158/0008-5472.CAN-17-0339},
  issn      = {0008-5472},
}

@inproceedings{rathore2017brain,
  title     = {Brain Cancer Imaging Phenomics Toolkit (brain-{CaPTk}): An Interactive Platform for Quantitative Analysis of Glioblastoma},
  author    = {Rathore, Saima and Bakas, Spyridon and Pati, Sarthak and Akbari, Hamed and Kalarot, Ratheesh and Sridharan, Patmaa and Rozycki, Martin and Bergman, Mark and Tunc, Birkan and Verma, Ragini and Bilello, Michel and Davatzikos, Christos},
  year      = {2017-02},
  booktitle = {{BrainLes} 2017: Brainlesion: Glioma, Multiple Sclerosis, Stroke and Traumatic Brain Injuries},
  publisher = {Springer International Publishing},
  pages     = {133--145},
  isbn      = {978-3-319-75238-9},
  editor    = {Crimi, Alessandro and Bakas, Spyridon and Kuijf, Hugo and Menze, Bjoern and Reyes, Mauricio},
  doi       = {10.1007/978-3-319-75238-9_12}
}

@misc{van2018predict,
  title   = {Predict a {Radiomics} {Extensive} {Differentiable} {Interchangable} {Classification} {Toolkit} {(PREDICT)}},
  author  = {van der Voort, Sebastian R. and Starmans, Martijn P. A.},
  date    = {2018-02},
  url     = {https://github.com/Svdvoort/PREDICTFastr},
  urldate = {2018-06-27},
  doi     = {10.5281/zenodo.3854839}
}

@article{chang2011libsvm,
  title      = {{LIBSVM}: A Library for Support Vector Machines},
  author     = {Chang, Chih-Chung and Lin, Chih-Jen},
  date       = {2011-05},
  journal    = {ACM transactions on intelligent systems and technology ({TIST})},
  volume     = 2,
  number     = 3,
  eid        = {27},
  doi        = {10.1145/1961189.1961199},
  issn       = {2157-6904},
}

@inproceedings{bergstra2011theano,
  title     = {Theano: a {CPU} and {GPU} Math Expression Compiler},
  author    = {Bergstra, James and Breuleux, Olivier and Bastien, Fr{\'{e}}d{\'{e}}ric and Lamblin, Pascal and Pascanu, Razvan and Desjardins, Guillaume and Turian, Joseph and Warde-Farley, David and Bengio, Yoshua},
  date      = {2010-06},
  booktitle = {Proceedings of the 9th Python for Scientific Computing Conference ({SciPy} 2010)},
  pages     = {3--10},
  editor    = {van der Walt, St{\'{e}}fan and Millman, Jarrod},
  doi       = {10.25080/Majora-92bf1922-003}
}

@inproceedings{abadi2016tensorflow,
  title     = {TensorFlow: A System for Large-Scale Machine Learning},
  author    = {Abadi, Mart{\'\i}n and  Barham, Paul and Chen, Jianmin and Chen, Zhifeng and Davis, Andy and Dean, Jeffrey and Devin, Matthieu and Ghemawat, Sanjay and Irving, Geoffrey and Isard, Michael and Kudlur, Manjunath and Levenberg, Josh and Monga, Rajat and Moore, Sherry and Murray, Derek G and Steiner, Benoit and Tucker, Paul and Vasudevan, Vijay and Warden, Pete and Wicke, Martin and Yu, Yuan and Zheng, Xiaoqiang},
  date      = {2016-11},
  booktitle = {12th {USENIX} Symposium on Operating Systems Design and Implementation},
  publisher = {{USENIX} Association},
  pages     = {265--283},
  isbn      = {978-1-931971-33-1},
  eprinttype  = {arxiv},
  eprintclass = {cs.DC},
  eprint      = {1605.08695}
}

@misc{chollet2015keras,
  title        = {Keras},
  author       = {Chollet, Fran\c{c}ois and others},
  year         = 2015,
  howpublished = {https://keras.io}
}

@article{gibson2018niftynet,
  title   = {{NiftyNet}: a deep-learning platform for medical imaging},
  author  = {Gibson, Eli and Li, Wenqi and Sudre, Carole and Fidon, Lucas and Shakir, Dzhoshkun I and Wang, Guotai and Eaton-Rosen, Zach and Gray, Robert and Doel, Tom and Hu, Yipeng and Whyntie, Tom and Nachev, Parashkev and Modat, Marc and Barratt, Dean C and Ourselin, S\'{e}bastien and Cardoso, M Jorge and Vercauteren, Tom},
  date    = {2018-05},
  journal = {Computer Methods and Programs in Biomedicine},
  volume  = 158,
  pages   = {113--122},
  doi     = {10.1016/j.cmpb.2018.01.025},
  issn    = {0169-2607},
}

@inproceedings{paszke2019pytorch,
  title     = {{PyTorch}: An Imperative Style, High-Performance Deep Learning Library},
  author    = {Paszke, Adam and Gross, Sam and Massa, Francisco and Lerer, Adam and Bradbury, James and Chanan, Gregory and Killeen, Trevor and Lin, Zeming and Gimelshein, Natalia and Antiga, Luca and Desmaison, Alban and Kopf, Andreas and Yang, Edward and DeVito, Zachary and Raison, Martin and Tejani, Alykhan and Chilamkurthy, Sasank and Steiner, Benoit and Fang, Lu and Bai, Junjie and Chintala, Soumith},
  date      = {2019},
  booktitle = {Advances in Neural Information Processing Systems 32 ({NeurIps} 2019)},
  publisher = {Curran Associates, Inc.},
  pages     = {8024--8035},
  editor    = {Wallach, Hanna and Larochelle, Hugo and Beygelzimer, Alina and d{\textquotesingle}Alch\'{e}-Buc, Florence and Fox, Emily and Garnett, Roman},
  eprinttype  = {arxiv},
  eprintclass = {cs.LG},
  eprint      = {1912.01703}
}

@inproceedings{jia2014caffe,
  title     = {Caffe: Convolutional Architecture for Fast Feature Embedding},
  author    = {Jia, Yangqing and Shelhamer, Evan and Donahue, Jeff and Karayev, Sergey and Long, Jonathan and Girshick, Ross and Guadarrama, Sergio and Darrell, Trevor},
  date      = {2014-11},
  booktitle = {Proceedings of the 22nd {ACM} International Conference on Multimedia},
  publisher = {Association for Computing Machinery},
  series    = {MM '14},
  pages     = {675--678},
  doi       = {10.1145/2647868.2654889},
  isbn      = 9781450330633,
}

@misc{mstarmans2020worc,
  title     = {Workflow for {Optimal} {Radiomics} {Classification} {(WORC)}},
  author    = {Starmans, Martijn P A  and Van der Voort, S R and Phil, Thomas},
  date      = {2020-07},
  publisher = {Zenodo},
  doi       = {10.5281/zenodo.3968868},
  version   = {v3.3.1}
}



@article{achterberg2016fastr,
  title   = {Fastr: A Workflow Engine for Advanced Data Flows in Medical Image Analysis},
  author  = {Achterberg, Hakim C and Koek, Marcel and Niessen, Wiro J},
  date    = {2016-08},
  journal = {Frontiers in {ICT}},
  volume  = 3,
  eid   = {15},
  doi     = {10.3389/fict.2016.00015},
  issn    = {2297-198X},
}

@article{ojala2002multiresolution,
  title   = {Multiresolution gray-scale and rotation invariant texture classification with local binary patterns},
  author  = {Ojala, Timo and Pietik{\"a}inen, Matti and M{\"a}enp{\"a}{\"a}, Topi},
  year    = 2002,
  month   = jul,
  journal = {IEEE Transactions on Pattern Analysis and Machine Intelligence},
  volume  = 24,
  number  = 7,
  pages   = {971--987},
  doi     = {10.1109/TPAMI.2002.1017623},
  issn    = {1939-3539}
}
