@article{vandervoort2019predictingcodeletion,
	title        = {Predicting the 1p/19q Codeletion Status of Presumed Low-Grade Glioma with an Externally Validated Machine Learning Algorithm},
	author       = {van der Voort, Sebastian R and Incekara, Fatih and Wijnenga, Maarten MJ and Kapas, Georgios and Gardeniers, Mayke and Schouten, Joost W and Starmans, Martijn PA and Nandoe Tewarie, Rishie and Lycklama, Geert J and French, Pim J and Dubbink, Hendrikus J and van den Bent, Martin J and Vincent, Arnaud JPE and Niessen, Wiro J and Klein, Stefan and Smits, Marion},
	author+an = {1=highlight;1:authorship=shared;2:authorship=shared},
	year         = 2019,
	month        = dec,
	journal      = {Clinical Cancer Research},
	publisher    = {American Association for Cancer Research},
	volume       = 25,
	number       = 24,
	pages        = {7455--7462},
	doi          = {10.1158/1078-0432.CCR-19-1127},
	issn         = {1078-0432},
	url          = {https://doi.org/dj5m}
}

@article{wijnenga2019differencesLGG,
	title        = {Differences in spatial distribution between {WHO} 2016 low-grade glioma molecular subgroups},
	author       = {Wijnenga, Maarten MJ and van der Voort, Sebastian R and French, Pim J and Klein, Stefan and Dubbink, Hendrikus J and Dinjens, Winand NM and Atmodimedjo, Peggy N and de Groot, Marius and Kros, Johan M and Schouten, Joost W and Dirven, Clemens MF and Vincent, Arnaud JPE and Smits, Marion and van den Bent, Martin J},
	author+an = {2=highlight;1:authorship=shared;2:authorship=shared},
	year         = 2019,
	month        = may,
	journal      = {Neuro-Oncology Advances},
	publisher    = {Oxford University Press},
	volume       = 1,
	number       = 1,
	pages        = {vdz001:1--vdz001:9},
	doi          = {10.1093/noajnl/vdz001},
	issn         = {2632-2498},
	url          = {https://doi.org/dj5n}
}

@article{perko2016fastIMPT,
	title        = {Fast and accurate sensitivity analysis of {IMPT} treatment plans using Polynomial Chaos Expansion},
	author       = {Perk\'{o}, Zolt\'{a}n and van der Voort, Sebastian R and van de Water, Steven and Hartman, Charlotte MH and Hoogeman, Mischa and Lathouwers, Danny},
	author+an = {2=highlight},
	year         = 2016,
	month        = jun,
	journal      = {Physics in Medicine and Biology},
	publisher    = {{IOP} Publishing},
	volume       = 61,
	number       = 12,
	pages        = {4646--4664},
	doi          = {10.1088/0031-9155/61/12/4646},
	issn         = {1361-6560},
	url          = {https://doi.org/dj5p}
}

@article{vandervoort2016robustnessrecipes,
	title        = {Robustness Recipes for Minimax Robust Optimization in Intensity Modulated Proton Therapy for Oropharyngeal Cancer Patients},
	author       = {van der Voort, Sebastian and van de Water, Steven and Perk\'{o}, Zolt\'{a}n and Heijmen, Ben and Lathouwers, Danny and Hoogeman, Mischa},
	author+an = {1=highlight},
	year         = 2016,
	month        = may,
	journal      = {International Journal of Radiation Oncology{\textasteriskcentered}Biology{\textasteriskcentered}Physics},
	publisher    = {Elsevier},
	volume       = 95,
	number       = 1,
	pages        = {163--170},
	doi          = {10.1016/j.ijrobp.2016.02.035},
	issn         = {0360-3016},
	url          = {https://doi.org/dj5q}
}

@inbook{starmans2020radiomics,
	title        = {Radiomics: Data mining using quantitative medical image features},
	author       = {Starmans, Martijn PA and van der Voort, Sebastian R and Castillo Tovar, Jose M and Veenland, Jifke F and Klein, Stefan and Niessen, Wiro J},
	author+an = {2=highlight;1:authorship=shared;2:authorship=shared},
	year         = 2020,
	booktitle    = {Handbook of Medical Image Computing and Computer Assisted Intervention},
	publisher    = {Academic Press},
	pages        = {429--456},
	doi          = {10.1016/B978-0-12-816176-0.00023-5},
	isbn         = {978-0-12-816176-0},
	url          = {https://doi.org/dj5s},
	chapter      = 18,
	editor       = {Zhou, S Kevin and Rueckert, Daniel and Fichtinger, Gabor}
}

@inproceedings{vandervoort2019deepdicomsort,
	title        = {Automatic sorting of brain magnetic resonance imaging sequences using convolutional neural networks},
	author       = {van der Voort, Sebastian and Smits, Marion and Klein, Stefan},
	author+an = {1=highlight},
	year         = 2019,
	month        = sep,
	booktitle    = {Magnetic Resonance Materials in Physics, Biology and Medicine},
	series       = {Book of Abstracts {ESMRMB} 2019},
	volume       = 32,
	number       = {1 Supplement},
	pages        = {243--243},
	doi          = {10.1007/s10334-019-00755-1},
	issn         = {1352-8661},
	url          = {https://doi.org/10.1007/s10334-019-00755-1},
	keywords = {abstract}
}

@article{incekara2020topographicalmaping,
	title        = {Topographical Mapping of 436 Newly Diagnosed {IDH} Wildtype Glioblastoma With vs. Without {MGMT} Promoter Methylation},
	author       = {Incekara, Fatih and van der Voort, Sebastian R and Dubbink, Hendrikus J and Atmodimedjo, Peggy N and Nandoe Tewarie, Rishi and Lycklama, Geert and Vincent, Arnaud JPE and Kros, Johan M and Klein, Stefan and van den Bent, Martin and Smits, Marion},
	author+an 	 = {2=highlight;1:authorship=shared;2:authorship=shared},
	year         = 2020,
	month 		 = may,
	journal      = {Frontiers in Oncology},
	volume       = 10,
	pages        = 596,
	doi          = {10.3389/fonc.2020.00596},
	issn         = {2234-943X},
	url          = {https://www.frontiersin.org/article/10.3389/fonc.2020.00596},
}
